timestamp,actual,forecasted
2026-04-25 00:47:38.937886,0.2661,0.2496998
2026-04-25 00:47:48.937886,0.2684,0.25218827
2026-04-25 00:47:58.937886,0.2764,0.26002952
2026-04-25 00:48:08.937886,0.2799,0.26185244
2026-04-25 00:48:18.937886,0.2874,0.26774076
2026-04-25 00:48:28.937886,0.2947,0.2753219
2026-04-25 00:48:38.937886,0.3025,0.27801245
2026-04-25 00:48:48.937886,0.3122,0.2855597
2026-04-25 00:48:58.937886,0.3205,0.28627276
2026-04-25 00:49:08.937886,0.3285,0.29427063
2026-04-25 00:49:18.937886,0.3333,0.30019712
2026-04-25 00:49:28.937886,0.3351,0.30554578
2026-04-25 00:49:38.937886,0.3379,0.31592923
2026-04-25 00:49:48.937886,0.3414,0.3252343
2026-04-25 00:49:58.937886,0.3475,0.33363092
2026-04-25 00:50:08.937886,0.3456,0.33551487
2026-04-25 00:50:18.937886,0.3437,0.33550853
2026-04-25 00:50:28.937886,0.3394,0.3393115
2026-04-25 00:50:38.937886,0.0,0.3429005
2026-04-25 00:50:48.937886,0.0089,0.3468573
2026-04-25 00:50:58.937886,0.0118,0.3466161
2026-04-25 00:51:08.937886,0.0182,0.3434031
2026-04-25 00:51:18.937886,0.0244,0.33875132
2026-04-25 00:51:28.937886,0.0296,0.06354192
2026-04-25 00:51:38.937886,0.0307,0.055363744
2026-04-25 00:51:48.937886,0.0416,0.06315306
2026-04-25 00:51:58.937886,0.0503,0.07476017
2026-04-25 00:52:08.937886,0.0595,0.09025361
2026-04-25 00:52:18.937886,0.0701,0.091555655
2026-04-25 00:52:28.937886,0.0787,0.087900996
2026-04-25 00:52:38.937886,0.0838,0.101662934
2026-04-25 00:52:48.937886,0.0909,0.11058852
2026-04-25 00:52:58.937886,0.1007,0.11262454
2026-04-25 00:53:08.937886,0.1037,0.12283306
2026-04-25 00:53:18.937886,0.1096,0.12881482
2026-04-25 00:53:28.937886,0.1113,0.124838814
2026-04-25 00:53:38.937886,0.1136,0.12428802
2026-04-25 00:53:48.937886,0.1161,0.1316935
2026-04-25 00:53:58.937886,0.1202,0.13524835
2026-04-25 00:54:08.937886,0.1227,0.13552332
2026-04-25 00:54:18.937886,0.1341,0.14188793
2026-04-25 00:54:28.937886,0.1436,0.14587662
2026-04-25 00:54:38.937886,0.1482,0.14829914
2026-04-25 00:54:48.937886,0.1533,0.15324081
2026-04-25 00:54:58.937886,0.1621,0.15125687
2026-04-25 00:55:08.937886,0.1638,0.1639764
2026-04-25 00:55:18.937886,0.1603,0.1724593
2026-04-25 00:55:28.937886,0.1572,0.17335095
2026-04-25 00:55:38.937886,0.1552,0.180478
2026-04-25 00:55:48.937886,0.1512,0.18645191
2026-04-25 00:55:58.937886,0.1482,0.18505691
2026-04-25 00:56:08.937886,0.1452,0.18299936
2026-04-25 00:56:18.937886,0.5242,0.1799993
2026-04-25 00:56:28.937886,0.5112,0.17767404
2026-04-25 00:56:38.937886,0.4987,0.17328146
2026-04-25 00:56:48.937886,0.497,0.17229824
2026-04-25 00:56:58.937886,0.4941,0.17085451
2026-04-25 00:57:08.937886,0.4952,0.48900235
2026-04-25 00:57:18.937886,0.4939,0.49758577
2026-04-25 00:57:28.937886,0.4912,0.47371483
2026-04-25 00:57:38.937886,0.5017,0.46293658
2026-04-25 00:57:48.937886,0.5076,0.45841163
2026-04-25 00:57:58.937886,0.5131,0.46265906
2026-04-25 00:58:08.937886,0.5187,0.45888513
2026-04-25 00:58:18.937886,0.52,0.45381683
2026-04-25 00:58:28.937886,0.5243,0.4699875
2026-04-25 00:58:38.937886,0.5314,0.4738079
2026-04-25 00:58:48.937886,0.0,0.47475153
2026-04-25 00:58:58.937886,0.0196,0.48171338
2026-04-25 00:59:08.937886,0.0393,0.49106944
2026-04-25 00:59:18.937886,0.0393,0.49499446
2026-04-25 00:59:28.937886,0.0421,0.49975502
2026-04-25 00:59:38.937886,0.0427,0.06645867
2026-04-25 00:59:48.937886,0.044,0.059485078
2026-04-25 00:59:58.937886,0.0462,0.07407963
2026-04-25 01:00:08.937886,0.0641,0.083843514
2026-04-25 01:00:18.937886,0.0804,0.102709815
2026-04-25 01:00:28.937886,0.0973,0.093196556
2026-04-25 01:00:38.937886,0.1137,0.08741896
2026-04-25 01:00:48.937886,0.1274,0.09069444
2026-04-25 01:00:58.937886,0.1441,0.11516479
2026-04-25 01:01:08.937886,0.1567,0.1276529
2026-04-25 01:01:18.937886,0.1635,0.14040247
2026-04-25 01:01:28.937886,0.1762,0.15904656
2026-04-25 01:01:38.937886,0.1888,0.16029342
2026-04-25 01:01:48.937886,0.1865,0.16888483
2026-04-25 01:01:58.937886,0.1871,0.17975034
2026-04-25 01:02:08.937886,0.1821,0.18552162
2026-04-25 01:02:18.937886,0.1819,0.19139026
2026-04-25 01:02:28.937886,0.1791,0.210547
2026-04-25 01:02:38.937886,0.1838,0.20603913
2026-04-25 01:02:48.937886,0.1887,0.20450184
2026-04-25 01:02:58.937886,0.1954,0.20340453
2026-04-25 01:03:08.937886,0.2024,0.19395359
2026-04-25 01:03:18.937886,0.2088,0.19387831
2026-04-25 01:03:28.937886,0.2061,0.2001666
2026-04-25 01:03:38.937886,0.2061,0.20588103
2026-04-25 01:03:48.937886,0.2057,0.21709335
2026-04-25 01:03:58.937886,0.2013,0.22246602
2026-04-25 01:04:08.937886,0.2004,0.22599462
2026-04-25 01:04:18.937886,0.2116,0.2236718
2026-04-25 01:04:28.937886,0.2232,0.2155607
2026-04-25 01:04:38.937886,0.2357,0.21467045
2026-04-25 01:04:48.937886,0.2459,0.20934229
2026-04-25 01:04:58.937886,0.2566,0.20855981
2026-04-25 01:05:08.937886,0.2615,0.22284979
2026-04-25 01:05:18.937886,0.271,0.23552558
2026-04-25 01:05:28.937886,0.2757,0.24418455
2026-04-25 01:05:38.937886,0.2853,0.2539632
2026-04-25 01:05:48.937886,0.2911,0.26186687
2026-04-25 01:05:58.937886,0.2923,0.2646033
2026-04-25 01:06:08.937886,0.2937,0.2731667
2026-04-25 01:06:18.937886,0.2991,0.27826852
2026-04-25 01:06:28.937886,0.3001,0.2894894
2026-04-25 01:06:38.937886,0.3012,0.29898122
2026-04-25 01:06:48.937886,0.3026,0.2988716
2026-04-25 01:06:58.937886,0.3025,0.30316585
2026-04-25 01:07:08.937886,0.3048,0.30637637
2026-04-25 01:07:18.937886,0.3086,0.3071677
2026-04-25 01:07:28.937886,0.3121,0.30615687
2026-04-25 01:07:38.937886,0.3069,0.30412692
2026-04-25 01:07:48.937886,0.3022,0.3063578
2026-04-25 01:07:58.937886,0.2962,0.30801174
2026-04-25 01:08:08.937886,0.294,0.3106714
2026-04-25 01:08:18.937886,0.2917,0.31172958
2026-04-25 01:08:28.937886,0.2902,0.3087439
2026-04-25 01:08:38.937886,0.2976,0.30328736
2026-04-25 01:08:48.937886,0.2989,0.30075648
2026-04-25 01:08:58.937886,0.298,0.29799724
2026-04-25 01:09:08.937886,0.3053,0.2922162
2026-04-25 01:09:18.937886,0.3091,0.2934861
2026-04-25 01:09:28.937886,0.3111,0.2999823
2026-04-25 01:09:38.937886,0.3149,0.3030847
2026-04-25 01:09:48.937886,0.3183,0.30162686
2026-04-25 01:09:58.937886,0.3223,0.30744106
2026-04-25 01:10:08.937886,0.3338,0.31174058
2026-04-25 01:10:18.937886,0.3366,0.3130098
2026-04-25 01:10:28.937886,0.3431,0.31349707
2026-04-25 01:10:38.937886,0.352,0.3151099
2026-04-25 01:10:48.937886,0.3594,0.3203874
2026-04-25 01:10:58.937886,0.4272,0.33298862
2026-04-25 01:11:08.937886,0.4285,0.33492747
2026-04-25 01:11:18.937886,0.4289,0.33803743
2026-04-25 01:11:28.937886,0.4301,0.34808546
2026-04-25 01:11:38.937886,0.4285,0.3514008
2026-04-25 01:11:48.937886,0.4239,0.4138947
2026-04-25 01:11:58.937886,0.4202,0.41833934
2026-04-25 01:12:08.937886,0.4196,0.41757613
2026-04-25 01:12:18.937886,0.4153,0.4167542
2026-04-25 01:12:28.937886,0.4147,0.41431388
2026-04-25 01:12:38.937886,0.414,0.4100767
2026-04-25 01:12:48.937886,0.4141,0.40330434
2026-04-25 01:12:58.937886,0.4163,0.40196198
2026-04-25 01:13:08.937886,0.4136,0.40067855
2026-04-25 01:13:18.937886,0.4143,0.40269405
2026-04-25 01:13:28.937886,0.4079,0.39985478
2026-04-25 01:13:38.937886,0.3997,0.40061954
2026-04-25 01:13:48.937886,0.3915,0.40575105
2026-04-25 01:13:58.937886,0.3842,0.40481856
2026-04-25 01:14:08.937886,0.3765,0.40556312
2026-04-25 01:14:18.937886,0.3816,0.39491293
2026-04-25 01:14:28.937886,0.3871,0.38786146
2026-04-25 01:14:38.937886,0.3909,0.38053593
2026-04-25 01:14:48.937886,0.3941,0.37245685
2026-04-25 01:14:58.937886,0.3971,0.36712015
2026-04-25 01:15:08.937886,0.3934,0.37418404
2026-04-25 01:15:18.937886,0.3901,0.38026306
2026-04-25 01:15:28.937886,0.3849,0.38551033
2026-04-25 01:15:38.937886,0.3785,0.38519567
2026-04-25 01:15:48.937886,0.3775,0.38759792
2026-04-25 01:15:58.937886,0.3767,0.38523936
2026-04-25 01:16:08.937886,0.375,0.38073385
2026-04-25 01:16:18.937886,0.3749,0.37556097
2026-04-25 01:16:28.937886,0.3739,0.36791345
2026-04-25 01:16:38.937886,0.3737,0.36588454
2026-04-25 01:16:48.937886,0.3838,0.36520186
2026-04-25 01:16:58.937886,0.3913,0.36691415
2026-04-25 01:17:08.937886,0.4009,0.37064114
2026-04-25 01:17:18.937886,0.407,0.36739317
2026-04-25 01:17:28.937886,0.4111,0.36731943
2026-04-25 01:17:38.937886,0.418,0.37783402
2026-04-25 01:17:48.937886,0.4207,0.38573745
2026-04-25 01:17:58.937886,0.4271,0.39149576
2026-04-25 01:18:08.937886,0.4314,0.40153193
2026-04-25 01:18:18.937886,0.4345,0.4023413
2026-04-25 01:18:28.937886,0.4408,0.40552247
2026-04-25 01:18:38.937886,0.4442,0.40764588
2026-04-25 01:18:48.937886,0.4511,0.41076106
2026-04-25 01:18:58.937886,0.4549,0.41845146
2026-04-25 01:19:08.937886,0.4596,0.41929135
2026-04-25 01:19:18.937886,0.4454,0.42408603
2026-04-25 01:19:28.937886,0.4321,0.4280467
2026-04-25 01:19:38.937886,0.4212,0.43529442
2026-04-25 01:19:48.937886,0.411,0.4381591
2026-04-25 01:19:58.937886,0.4012,0.44044393
2026-04-25 01:20:08.937886,0.4042,0.42524362
2026-04-25 01:20:18.937886,0.4089,0.41339952
2026-04-25 01:20:28.937886,0.4116,0.40547758
2026-04-25 01:20:38.937886,0.416,0.3961239
2026-04-25 01:20:48.937886,0.4235,0.39040497
2026-04-25 01:20:58.937886,0.4131,0.39444867
2026-04-25 01:21:08.937886,0.4043,0.3980144
2026-04-25 01:21:18.937886,0.3895,0.402495
2026-04-25 01:21:28.937886,0.3793,0.40615302
2026-04-25 01:21:38.937886,0.3692,0.41178697
2026-04-25 01:21:48.937886,0.3591,0.40269575
2026-04-25 01:21:58.937886,0.3504,0.39389986
2026-04-25 01:22:08.937886,0.3405,0.37821746
2026-04-25 01:22:18.937886,0.3357,0.37001705
2026-04-25 01:22:28.937886,0.3259,0.3623479
2026-04-25 01:22:38.937886,0.337,0.35562736
2026-04-25 01:22:48.937886,0.3456,0.3465793
2026-04-25 01:22:58.937886,0.3518,0.33711347
2026-04-25 01:23:08.937886,0.3584,0.33289874
2026-04-25 01:23:18.937886,0.3694,0.32525727
2026-04-25 01:23:28.937886,0.3668,0.33524686
2026-04-25 01:23:38.937886,0.3649,0.34367737
2026-04-25 01:23:48.937886,0.3684,0.34844503
2026-04-25 01:23:58.937886,0.3676,0.35462996
2026-04-25 01:24:08.937886,0.3678,0.36441344
2026-04-25 01:24:18.937886,0.3763,0.36297527
2026-04-25 01:24:28.937886,0.3805,0.35862094
2026-04-25 01:24:38.937886,0.3848,0.36001024
2026-04-25 01:24:48.937886,0.3884,0.36085546
2026-04-25 01:24:58.937886,0.3924,0.3620802
2026-04-25 01:25:08.937886,0.3925,0.3698169
2026-04-25 01:25:18.937886,0.394,0.37625054
2026-04-25 01:25:28.937886,0.3972,0.3760286
2026-04-25 01:25:38.937886,0.3983,0.37945136
2026-04-25 01:25:48.937886,0.3969,0.38274434
2026-04-25 01:25:58.937886,0.3972,0.38181293
2026-04-25 01:26:08.937886,0.4006,0.3841127
2026-04-25 01:26:18.937886,0.4023,0.38938978
2026-04-25 01:26:28.937886,0.4037,0.38907847
2026-04-25 01:26:38.937886,0.4036,0.38755313
2026-04-25 01:26:48.937886,0.4095,0.38717806
2026-04-25 01:26:58.937886,0.414,0.39153457
2026-04-25 01:27:08.937886,0.4177,0.39484656
2026-04-25 01:27:18.937886,0.4247,0.3974706
2026-04-25 01:27:28.937886,0.4268,0.39950904
2026-04-25 01:27:38.937886,0.4285,0.4065877
2026-04-25 01:27:48.937886,0.4366,0.40948752
2026-04-25 01:27:58.937886,0.4379,0.4114477
2026-04-25 01:28:08.937886,0.4445,0.41694283
2026-04-25 01:28:18.937886,0.4476,0.41664922
2026-04-25 01:28:28.937886,0.4517,0.41863388
2026-04-25 01:28:38.937886,0.4522,0.42375097
2026-04-25 01:28:48.937886,0.4551,0.42481056
2026-04-25 01:28:58.937886,0.4591,0.42914099
2026-04-25 01:29:08.937886,0.4652,0.43019187
2026-04-25 01:29:18.937886,0.47,0.43410328
2026-04-25 01:29:28.937886,0.4749,0.4361772
2026-04-25 01:29:38.937886,0.4795,0.4360393
2026-04-25 01:29:48.937886,0.4855,0.439577
2026-04-25 01:29:58.937886,0.4891,0.4450096
2026-04-25 01:30:08.937886,0.4751,0.45141152
2026-04-25 01:30:18.937886,0.461,0.45239866
2026-04-25 01:30:28.937886,0.4511,0.45928374
2026-04-25 01:30:38.937886,0.4365,0.46368945
2026-04-25 01:30:48.937886,0.4249,0.46763572
2026-04-25 01:30:58.937886,0.4224,0.45907182
2026-04-25 01:31:08.937886,0.4167,0.44505882
2026-04-25 01:31:18.937886,0.4136,0.43308988
2026-04-25 01:31:28.937886,0.4078,0.42093474
2026-04-25 01:31:38.937886,0.4032,0.41076407
2026-04-25 01:31:48.937886,0.389,0.40617397
2026-04-25 01:31:58.937886,0.3793,0.40424937
2026-04-25 01:32:08.937886,0.3695,0.4017261
2026-04-25 01:32:18.937886,0.3593,0.3966974
2026-04-25 01:32:28.937886,0.3504,0.39239877
2026-04-25 01:32:38.937886,0.3432,0.37942126
2026-04-25 01:32:48.937886,0.3368,0.37168166
2026-04-25 01:32:58.937886,0.3293,0.36190492
2026-04-25 01:33:08.937886,0.3248,0.35165963
2026-04-25 01:33:18.937886,0.3187,0.34759644
2026-04-25 01:33:28.937886,0.3306,0.34099993
2026-04-25 01:33:38.937886,0.334,0.3359025
2026-04-25 01:33:48.937886,0.3427,0.33019036
2026-04-25 01:33:58.937886,0.3528,0.32733735
2026-04-25 01:34:08.937886,0.3628,0.32275632
2026-04-25 01:34:18.937886,0.3726,0.33510256
2026-04-25 01:34:28.937886,0.3824,0.34073606
2026-04-25 01:34:38.937886,0.39,0.34780076
2026-04-25 01:34:48.937886,0.3981,0.35754466
2026-04-25 01:34:58.937886,0.4033,0.3637504
2026-04-25 01:35:08.937886,0.4049,0.37286007
2026-04-25 01:35:18.937886,0.4043,0.38145274
2026-04-25 01:35:28.937886,0.4048,0.38780084
2026-04-25 01:35:38.937886,0.4027,0.39274883
2026-04-25 01:35:48.937886,0.4015,0.39594024
2026-04-25 01:35:58.937886,0.3992,0.3979735
2026-04-25 01:36:08.937886,0.3972,0.39649
2026-04-25 01:36:18.937886,0.3944,0.39877692
2026-04-25 01:36:28.937886,0.3891,0.3916406
2026-04-25 01:36:38.937886,0.3878,0.39198664
2026-04-25 01:36:48.937886,0.3945,0.38832593
2026-04-25 01:36:58.937886,0.3986,0.38903075
2026-04-25 01:37:08.937886,0.4033,0.38346383
2026-04-25 01:37:18.937886,0.411,0.38009253
2026-04-25 01:37:28.937886,0.4189,0.38204676
2026-04-25 01:37:38.937886,0.4283,0.3865464
2026-04-25 01:37:48.937886,0.4345,0.39418754
2026-04-25 01:37:58.937886,0.44,0.39817178
2026-04-25 01:38:08.937886,0.4468,0.40736252
2026-04-25 01:38:18.937886,0.4538,0.4149176
2026-04-25 01:38:28.937886,0.4415,0.42105162
2026-04-25 01:38:38.937886,0.4294,0.42669392
2026-04-25 01:38:48.937886,0.4198,0.42854849
2026-04-25 01:38:58.937886,0.41,0.43675977
2026-04-25 01:39:08.937886,0.3978,0.44353968
2026-04-25 01:39:18.937886,0.4,0.43383682
2026-04-25 01:39:28.937886,0.402,0.42030594
2026-04-25 01:39:38.937886,0.4024,0.41122213
2026-04-25 01:39:48.937886,0.403,0.40121776
2026-04-25 01:39:58.937886,0.4007,0.39062133
2026-04-25 01:40:08.937886,0.3979,0.393186
2026-04-25 01:40:18.937886,0.3953,0.39435118
2026-04-25 01:40:28.937886,0.3934,0.39881277
2026-04-25 01:40:38.937886,0.3924,0.39989674
2026-04-25 01:40:48.937886,0.3895,0.39593914
2026-04-25 01:40:58.937886,0.3818,0.39326754
2026-04-25 01:41:08.937886,0.3746,0.39004079
2026-04-25 01:41:18.937886,0.3689,0.38709494
2026-04-25 01:41:28.937886,0.3628,0.38654777
2026-04-25 01:41:38.937886,0.3542,0.3835247
2026-04-25 01:41:48.937886,0.3448,0.3784962
2026-04-25 01:41:58.937886,0.3366,0.37008214
2026-04-25 01:42:08.937886,0.3314,0.3656249
2026-04-25 01:42:18.937886,0.3219,0.35920933
2026-04-25 01:42:28.937886,0.3149,0.35032076
2026-04-25 01:42:38.937886,0.3181,0.3421162
2026-04-25 01:42:48.937886,0.3179,0.33500466
2026-04-25 01:42:58.937886,0.3192,0.33293813
2026-04-25 01:43:08.937886,0.3223,0.32548788
2026-04-25 01:43:18.937886,0.3273,0.31976
2026-04-25 01:43:28.937886,0.3315,0.3213839
2026-04-25 01:43:38.937886,0.3359,0.32051992
2026-04-25 01:43:48.937886,0.3383,0.32095447
2026-04-25 01:43:58.937886,0.3434,0.32353047
2026-04-25 01:44:08.937886,0.3461,0.32725897
2026-04-25 01:44:18.937886,0.3549,0.33017328
2026-04-25 01:44:28.937886,0.3612,0.33550742
2026-04-25 01:44:38.937886,0.3657,0.33713314
2026-04-25 01:44:48.937886,0.3704,0.34130552
2026-04-25 01:44:58.937886,0.3739,0.34666932
2026-04-25 01:45:08.937886,0.3785,0.3493324
2026-04-25 01:45:18.937886,0.3783,0.354384
2026-04-25 01:45:28.937886,0.3751,0.35853878
2026-04-25 01:45:38.937886,0.3742,0.36335158
2026-04-25 01:45:48.937886,0.37,0.36292154
2026-04-25 01:45:58.937886,0.374,0.36939827
2026-04-25 01:46:08.937886,0.3769,0.37177724
2026-04-25 01:46:18.937886,0.3784,0.36866158
2026-04-25 01:46:28.937886,0.3793,0.3678965
2026-04-25 01:46:38.937886,0.383,0.36617684
2026-04-25 01:46:48.937886,0.3718,0.3698076
2026-04-25 01:46:58.937886,0.3629,0.37319598
2026-04-25 01:47:08.937886,0.3546,0.37715718
2026-04-25 01:47:18.937886,0.3442,0.37703395
2026-04-25 01:47:28.937886,0.3372,0.37697083
2026-04-25 01:47:38.937886,0.3311,0.367689
2026-04-25 01:47:48.937886,0.3258,0.35701284
2026-04-25 01:47:58.937886,0.3237,0.34838465
2026-04-25 01:48:08.937886,0.3226,0.33927566
2026-04-25 01:48:18.937886,0.316,0.3374178
2026-04-25 01:48:28.937886,0.3104,0.3315328
2026-04-25 01:48:38.937886,0.3055,0.3279374
2026-04-25 01:48:48.937886,0.3014,0.32605577
2026-04-25 01:48:58.937886,0.2998,0.32704884
2026-04-25 01:49:08.937886,0.2982,0.31802586
2026-04-25 01:49:18.937886,0.2921,0.31151843
2026-04-25 01:49:28.937886,0.2855,0.30610964
2026-04-25 01:49:38.937886,0.2795,0.306973
2026-04-25 01:49:48.937886,0.2767,0.30386493
2026-04-25 01:49:58.937886,0.2701,0.30833954
2026-04-25 01:50:08.937886,0.2789,0.30140844
2026-04-25 01:50:18.937886,0.2852,0.29511088
2026-04-25 01:50:28.937886,0.2919,0.28762767
2026-04-25 01:50:38.937886,0.2971,0.28650558
2026-04-25 01:50:48.937886,0.3037,0.28111038
2026-04-25 01:50:58.937886,0.3172,0.28838098
2026-04-25 01:51:08.937886,0.3283,0.29417926
2026-04-25 01:51:18.937886,0.3391,0.30315366
2026-04-25 01:51:28.937886,0.3479,0.30838263
2026-04-25 01:51:38.937886,0.3513,0.312895
2026-04-25 01:51:48.937886,0.347,0.3224727
2026-04-25 01:51:58.937886,0.3484,0.33196208
2026-04-25 01:52:08.937886,0.3441,0.3379096
2026-04-25 01:52:18.937886,0.3421,0.3460068
2026-04-25 01:52:28.937886,0.3394,0.34664437
2026-04-25 01:52:38.937886,0.3411,0.3430644
2026-04-25 01:52:48.937886,0.3437,0.34140182
2026-04-25 01:52:58.937886,0.3425,0.3357049
2026-04-25 01:53:08.937886,0.3463,0.3369541
2026-04-25 01:53:18.937886,0.3505,0.335058
2026-04-25 01:53:28.937886,0.352,0.33615455
2026-04-25 01:53:38.937886,0.3509,0.34130698
2026-04-25 01:53:48.937886,0.3512,0.34056
2026-04-25 01:53:58.937886,0.3528,0.34378552
2026-04-25 01:54:08.937886,0.3554,0.3482138
2026-04-25 01:54:18.937886,0.3576,0.3510603
2026-04-25 01:54:28.937886,0.3609,0.3487145
2026-04-25 01:54:38.937886,0.3609,0.35049483
2026-04-25 01:54:48.937886,0.3628,0.35292903
2026-04-25 01:54:58.937886,0.3636,0.3576702
2026-04-25 01:55:08.937886,0.3665,0.35888812
2026-04-25 01:55:18.937886,0.3707,0.36197814
2026-04-25 01:55:28.937886,0.3721,0.36223
2026-04-25 01:55:38.937886,0.3734,0.36082622
2026-04-25 01:55:48.937886,0.3773,0.36121064
2026-04-25 01:55:58.937886,0.3717,0.3616259
2026-04-25 01:56:08.937886,0.3619,0.36381269
2026-04-25 01:56:18.937886,0.8348,0.36488375
2026-04-25 01:56:28.937886,0.8128,0.36779153
2026-04-25 01:56:38.937886,0.7888,0.37306222
2026-04-25 01:56:48.937886,0.7759,0.3671384
2026-04-25 01:56:58.937886,0.7669,0.35820055
2026-04-25 01:57:08.937886,0.7602,0.7120036
2026-04-25 01:57:18.937886,0.7495,0.7220075
2026-04-25 01:57:28.937886,0.7389,0.6927799
2026-04-25 01:57:38.937886,0.7231,0.6790713
2026-04-25 01:57:48.937886,0.7074,0.6747565
2026-04-25 01:57:58.937886,0.6936,0.6690822
2026-04-25 01:58:08.937886,0.676,0.6608509
2026-04-25 01:58:18.937886,0.6632,0.64320123
2026-04-25 01:58:28.937886,0.6544,0.63882697
2026-04-25 01:58:38.937886,0.6429,0.6285751
2026-04-25 01:58:48.937886,0.6299,0.61783683
2026-04-25 01:58:58.937886,0.6155,0.60967803
2026-04-25 01:59:08.937886,0.6033,0.6120075
2026-04-25 01:59:18.937886,0.5961,0.60202587
2026-04-25 01:59:28.937886,0.5891,0.5949741
2026-04-25 01:59:38.937886,0.5866,0.5865072
2026-04-25 01:59:48.937886,0.5829,0.57598007
2026-04-25 01:59:58.937886,0.58,0.5613507
2026-04-25 02:00:08.937886,0.5841,0.5546423
2026-04-25 02:00:18.937886,0.587,0.55190295
2026-04-25 02:00:28.937886,0.5889,0.5514831
2026-04-25 02:00:38.937886,0.59,0.54474956
2026-04-25 02:00:48.937886,0.5936,0.54238456
2026-04-25 02:00:58.937886,0.5926,0.5498065
2026-04-25 02:01:08.937886,0.5908,0.5512925
2026-04-25 02:01:18.937886,0.5859,0.5498116
2026-04-25 02:01:28.937886,0.5829,0.55076385
2026-04-25 02:01:38.937886,0.5797,0.5573024
2026-04-25 02:01:48.937886,0.5764,0.5584388
2026-04-25 02:01:58.937886,0.5756,0.5549485
2026-04-25 02:02:08.937886,0.5753,0.5509911
2026-04-25 02:02:18.937886,0.5755,0.5473515
2026-04-25 02:02:28.937886,0.5729,0.5455885
2026-04-25 02:02:38.937886,0.5773,0.5418254
2026-04-25 02:02:48.937886,0.5784,0.5380911
2026-04-25 02:02:58.937886,0.5831,0.5410116
2026-04-25 02:03:08.937886,0.5841,0.543191
2026-04-25 02:03:18.937886,0.5854,0.54179746
2026-04-25 02:03:28.937886,0.5833,0.544235
2026-04-25 02:03:38.937886,0.5789,0.54326946
2026-04-25 02:03:48.937886,0.5749,0.5431625
2026-04-25 02:03:58.937886,0.5741,0.5436679
2026-04-25 02:04:08.937886,0.5771,0.5434802
2026-04-25 02:04:18.937886,0.5801,0.5425822
2026-04-25 02:04:28.937886,0.5798,0.5354878
2026-04-25 02:04:38.937886,0.5832,0.53117454
2026-04-25 02:04:48.937886,0.585,0.53424275
2026-04-25 02:04:58.937886,0.5826,0.53365874
2026-04-25 02:05:08.937886,0.578,0.53628314
2026-04-25 02:05:18.937886,0.5703,0.5358647
2026-04-25 02:05:28.937886,0.5645,0.53916216
2026-04-25 02:05:38.937886,0.0,0.5403169
2026-04-25 02:05:48.937886,0.0141,0.538121
2026-04-25 02:05:58.937886,0.0237,0.5321614
2026-04-25 02:06:08.937886,0.0321,0.52703345
2026-04-25 02:06:18.937886,0.0411,0.516955
2026-04-25 02:06:28.937886,0.0478,0.051493645
2026-04-25 02:06:38.937886,0.0572,0.04025647
2026-04-25 02:06:48.937886,0.0727,0.050754607
2026-04-25 02:06:58.937886,0.0877,0.07018086
2026-04-25 02:07:08.937886,0.104,0.09327033
2026-04-25 02:07:18.937886,0.1185,0.0874131
2026-04-25 02:07:28.937886,0.13,0.086334825
2026-04-25 02:07:38.937886,0.1327,0.102753654
2026-04-25 02:07:48.937886,0.1339,0.12247263
2026-04-25 02:07:58.937886,0.1355,0.12697215
2026-04-25 02:08:08.937886,0.1368,0.14834552
2026-04-25 02:08:18.937886,0.1407,0.16019513
2026-04-25 02:08:28.937886,0.1566,0.15056247
2026-04-25 02:08:38.937886,0.1712,0.14760505
2026-04-25 02:08:48.937886,0.1856,0.15291947
2026-04-25 02:08:58.937886,0.2029,0.15548086
2026-04-25 02:09:08.937886,0.2214,0.15438911
2026-04-25 02:09:18.937886,0.2273,0.17538798
2026-04-25 02:09:28.937886,0.2276,0.19188046
2026-04-25 02:09:38.937886,0.2318,0.20196779
2026-04-25 02:09:48.937886,0.2325,0.21575753
2026-04-25 02:09:58.937886,0.2346,0.22123756
2026-04-25 02:10:08.937886,0.244,0.2341211
2026-04-25 02:10:18.937886,0.2509,0.2358726
2026-04-25 02:10:28.937886,0.2621,0.23525514
2026-04-25 02:10:38.937886,0.2673,0.24040094
2026-04-25 02:10:48.937886,0.2797,0.24459764
2026-04-25 02:10:58.937886,0.2755,0.25140977
2026-04-25 02:11:08.937886,0.2684,0.25876877
2026-04-25 02:11:18.937886,0.2614,0.26740953
2026-04-25 02:11:28.937886,0.257,0.27432168
2026-04-25 02:11:38.937886,0.2498,0.28181508
2026-04-25 02:11:48.937886,0.245,0.2771077
2026-04-25 02:11:58.937886,0.242,0.27366585
2026-04-25 02:12:08.937886,0.2379,0.266178
2026-04-25 02:12:18.937886,0.2287,0.25733975
2026-04-25 02:12:28.937886,0.2265,0.25329876
2026-04-25 02:12:38.937886,0.2387,0.24898729
2026-04-25 02:12:48.937886,0.2522,0.2468721
2026-04-25 02:12:58.937886,0.2629,0.24761492
2026-04-25 02:13:08.937886,0.2734,0.23939602
2026-04-25 02:13:18.937886,0.2808,0.24200147
2026-04-25 02:13:28.937886,0.288,0.24920428
2026-04-25 02:13:38.937886,0.2949,0.2619136
2026-04-25 02:13:48.937886,0.3018,0.27441967
2026-04-25 02:13:58.937886,0.3071,0.28081912
2026-04-25 02:14:08.937886,0.3129,0.28830683
2026-04-25 02:14:18.937886,0.3109,0.29498175
2026-04-25 02:14:28.937886,0.3052,0.29580802
2026-04-25 02:14:38.937886,0.3027,0.30296108
2026-04-25 02:14:48.937886,0.2953,0.3087486
2026-04-25 02:14:58.937886,0.292,0.31587285
2026-04-25 02:15:08.937886,0.3024,0.31513456
2026-04-25 02:15:18.937886,0.313,0.31003532
2026-04-25 02:15:28.937886,0.3221,0.30785057
2026-04-25 02:15:38.937886,0.3356,0.303852
2026-04-25 02:15:48.937886,0.3443,0.30134207
2026-04-25 02:15:58.937886,0.3471,0.30809224
2026-04-25 02:16:08.937886,0.349,0.32252118
2026-04-25 02:16:18.937886,0.35,0.3341972
2026-04-25 02:16:28.937886,0.3521,0.3474283
2026-04-25 02:16:38.937886,0.3556,0.35740945
2026-04-25 02:16:48.937886,0.3673,0.35987666
2026-04-25 02:16:58.937886,0.375,0.36174053
2026-04-25 02:17:08.937886,0.3819,0.35694516
2026-04-25 02:17:18.937886,0.3886,0.35648
2026-04-25 02:17:28.937886,0.3971,0.36002526
2026-04-25 02:17:38.937886,0.3923,0.3747702
2026-04-25 02:17:48.937886,0.3862,0.38548294
2026-04-25 02:17:58.937886,0.3809,0.3894191
2026-04-25 02:18:08.937886,0.376,0.39380443
2026-04-25 02:18:18.937886,0.3708,0.39685848
2026-04-25 02:18:28.937886,0.3736,0.38873166
2026-04-25 02:18:38.937886,0.3764,0.38308412
2026-04-25 02:18:48.937886,0.3836,0.37454516
2026-04-25 02:18:58.937886,0.3907,0.37236568
2026-04-25 02:19:08.937886,0.3912,0.36882037
2026-04-25 02:19:18.937886,0.3833,0.36974323
2026-04-25 02:19:28.937886,0.3721,0.37300447
2026-04-25 02:19:38.937886,0.3605,0.38355052
2026-04-25 02:19:48.937886,0.3507,0.38944024
2026-04-25 02:19:58.937886,0.3435,0.38884386
2026-04-25 02:20:08.937886,0.3342,0.38194212
2026-04-25 02:20:18.937886,0.3226,0.37079298
2026-04-25 02:20:28.937886,0.3081,0.36237156
2026-04-25 02:20:38.937886,0.2975,0.35305938
2026-04-25 02:20:48.937886,0.2903,0.3471629
2026-04-25 02:20:58.937886,0.2841,0.33997053
2026-04-25 02:21:08.937886,0.2731,0.32719782
2026-04-25 02:21:18.937886,0.2621,0.3136638
2026-04-25 02:21:28.937886,0.2578,0.30060092
2026-04-25 02:21:38.937886,0.3921,0.29467288
2026-04-25 02:21:48.937886,0.3865,0.29053244
2026-04-25 02:21:58.937886,0.3804,0.2830694
2026-04-25 02:22:08.937886,0.3736,0.27330983
2026-04-25 02:22:18.937886,0.3652,0.27157983
2026-04-25 02:22:28.937886,0.3586,0.38845113
2026-04-25 02:22:38.937886,0.356,0.3996949
2026-04-25 02:22:48.937886,0.3527,0.38483936
2026-04-25 02:22:58.937886,0.3496,0.37213394
2026-04-25 02:23:08.937886,0.3491,0.3570488
2026-04-25 02:23:18.937886,0.344,0.35388607
2026-04-25 02:23:28.937886,0.3484,0.34643474
2026-04-25 02:23:38.937886,0.3526,0.3422997
2026-04-25 02:23:48.937886,0.3567,0.34530059
2026-04-25 02:23:58.937886,0.3567,0.35254183
2026-04-25 02:24:08.937886,0.3633,0.34622416
2026-04-25 02:24:18.937886,0.3622,0.34480095
2026-04-25 02:24:28.937886,0.3625,0.35319167
2026-04-25 02:24:38.937886,0.3574,0.3563451
2026-04-25 02:24:48.937886,0.3525,0.35128373
2026-04-25 02:24:58.937886,0.3482,0.35768208
2026-04-25 02:25:08.937886,0.3492,0.35968465
2026-04-25 02:25:18.937886,0.3533,0.36198685
2026-04-25 02:25:28.937886,0.3558,0.35852584
2026-04-25 02:25:38.937886,0.361,0.353549
2026-04-25 02:25:48.937886,0.3655,0.350415
2026-04-25 02:25:58.937886,0.37,0.35122275
2026-04-25 02:26:08.937886,0.3785,0.3522998
2026-04-25 02:26:18.937886,0.3819,0.35982043
2026-04-25 02:26:28.937886,0.3899,0.36634144
2026-04-25 02:26:38.937886,0.3988,0.37242094
2026-04-25 02:26:48.937886,0.3955,0.37467673
2026-04-25 02:26:58.937886,0.396,0.3800631
2026-04-25 02:27:08.937886,0.3967,0.38080138
2026-04-25 02:27:18.937886,0.3981,0.3932447
2026-04-25 02:27:28.937886,0.3991,0.4012429
2026-04-25 02:27:38.937886,0.3968,0.3957508
2026-04-25 02:27:48.937886,0.3928,0.39606884
2026-04-25 02:27:58.937886,0.3904,0.39199364
2026-04-25 02:28:08.937886,0.3868,0.39377338
2026-04-25 02:28:18.937886,0.3885,0.39156634
2026-04-25 02:28:28.937886,0.3808,0.38941076
2026-04-25 02:28:38.937886,0.372,0.38868982
2026-04-25 02:28:48.937886,0.3648,0.38614413
2026-04-25 02:28:58.937886,0.356,0.38229278
2026-04-25 02:29:08.937886,0.347,0.38285175
2026-04-25 02:29:18.937886,0.3514,0.37633088
2026-04-25 02:29:28.937886,0.3583,0.3667395
2026-04-25 02:29:38.937886,0.3612,0.3604557
2026-04-25 02:29:48.937886,0.3651,0.3485408
2026-04-25 02:29:58.937886,0.3697,0.34495625
2026-04-25 02:30:08.937886,0.3691,0.3512312
2026-04-25 02:30:18.937886,0.3677,0.35696995
2026-04-25 02:30:28.937886,0.3685,0.36495253
2026-04-25 02:30:38.937886,0.3704,0.3718425
2026-04-25 02:30:48.937886,0.3734,0.37439322
2026-04-25 02:30:58.937886,0.3712,0.3730355
2026-04-25 02:31:08.937886,0.3673,0.37245274
2026-04-25 02:31:18.937886,0.3648,0.37213704
2026-04-25 02:31:28.937886,0.3626,0.37332973
2026-04-25 02:31:38.937886,0.3634,0.37530568
2026-04-25 02:31:48.937886,0.3675,0.3708228
2026-04-25 02:31:58.937886,0.3749,0.36711976
2026-04-25 02:32:08.937886,0.3829,0.36831665
2026-04-25 02:32:18.937886,0.386,0.36280438
2026-04-25 02:32:28.937886,0.3902,0.36182284
2026-04-25 02:32:38.937886,0.3989,0.36513814
2026-04-25 02:32:48.937886,0.4059,0.37260446
2026-04-25 02:32:58.937886,0.408,0.3795337
2026-04-25 02:33:08.937886,0.411,0.38212588
2026-04-25 02:33:18.937886,0.4171,0.38501126
2026-04-25 02:33:28.937886,0.4205,0.3877026
2026-04-25 02:33:38.937886,0.4198,0.39540586
2026-04-25 02:33:48.937886,0.4205,0.39620328
2026-04-25 02:33:58.937886,0.4204,0.40018705
2026-04-25 02:34:08.937886,0.4207,0.40761745
2026-04-25 02:34:18.937886,0.4183,0.41008705
2026-04-25 02:34:28.937886,0.4231,0.40826264
2026-04-25 02:34:38.937886,0.4269,0.41065124
2026-04-25 02:34:48.937886,0.4283,0.4126122
2026-04-25 02:34:58.937886,0.4314,0.41141823
2026-04-25 02:35:08.937886,0.4195,0.41033784
2026-04-25 02:35:18.937886,0.4119,0.4141755
2026-04-25 02:35:28.937886,0.4016,0.42022878
2026-04-25 02:35:38.937886,0.3948,0.42098972
2026-04-25 02:35:48.937886,0.3871,0.41989622
2026-04-25 02:35:58.937886,0.3927,0.40868527
2026-04-25 02:36:08.937886,0.3998,0.39750245
2026-04-25 02:36:18.937886,0.4084,0.3892981
2026-04-25 02:36:28.937886,0.4134,0.3800604
2026-04-25 02:36:38.937886,0.4182,0.3757449
2026-04-25 02:36:48.937886,0.4046,0.3805601
2026-04-25 02:36:58.937886,0.3955,0.387008
2026-04-25 02:37:08.937886,0.3807,0.39320266
2026-04-25 02:37:18.937886,0.3721,0.4028601
2026-04-25 02:37:28.937886,0.0,0.40932268
2026-04-25 02:37:38.937886,0.0022,0.39787304
2026-04-25 02:37:48.937886,0.0039,0.3882324
2026-04-25 02:37:58.937886,0.0088,0.37186703
2026-04-25 02:38:08.937886,0.0099,0.36113966
2026-04-25 02:38:18.937886,0.0115,0.06263912
2026-04-25 02:38:28.937886,0.0168,0.04977414
2026-04-25 02:38:38.937886,0.0246,0.054101795
2026-04-25 02:38:48.937886,0.0308,0.06689748
2026-04-25 02:38:58.937886,0.0342,0.08036831
2026-04-25 02:39:08.937886,0.0405,0.07459596
2026-04-25 02:39:18.937886,0.0488,0.07325575
2026-04-25 02:39:28.937886,0.0566,0.08479443
2026-04-25 02:39:38.937886,0.0605,0.09523037
2026-04-25 02:39:48.937886,0.0724,0.08762428
2026-04-25 02:39:58.937886,0.0814,0.09585565
2026-04-25 02:40:08.937886,0.0946,0.106199
2026-04-25 02:40:18.937886,0.1061,0.10140519
2026-04-25 02:40:28.937886,0.1135,0.09964323
2026-04-25 02:40:38.937886,0.1247,0.11088045
2026-04-25 02:40:48.937886,0.1316,0.11935364
2026-04-25 02:40:58.937886,0.1393,0.12903018
2026-04-25 02:41:08.937886,0.1458,0.14161779
2026-04-25 02:41:18.937886,0.1532,0.14929649
2026-04-25 02:41:28.937886,0.1595,0.15848093
2026-04-25 02:41:38.937886,0.1663,0.16396143
2026-04-25 02:41:48.937886,0.1794,0.16199188
2026-04-25 02:41:58.937886,0.1961,0.17018445
2026-04-25 02:42:08.937886,0.2044,0.17663471
2026-04-25 02:42:18.937886,0.2181,0.18031172
2026-04-25 02:42:28.937886,0.2338,0.18989912
2026-04-25 02:42:38.937886,0.2298,0.20367692
2026-04-25 02:42:48.937886,0.226,0.21606517
2026-04-25 02:42:58.937886,0.2231,0.2269158
2026-04-25 02:43:08.937886,0.2164,0.23331791
2026-04-25 02:43:18.937886,0.2129,0.24449804
2026-04-25 02:43:28.937886,0.207,0.23797324
2026-04-25 02:43:38.937886,0.204,0.23115765
2026-04-25 02:43:48.937886,0.1951,0.22584271
2026-04-25 02:43:58.937886,0.1913,0.21939078
2026-04-25 02:44:08.937886,0.1893,0.21484694
2026-04-25 02:44:18.937886,0.2015,0.2158887
2026-04-25 02:44:28.937886,0.2152,0.21382552
2026-04-25 02:44:38.937886,0.2256,0.20779476
2026-04-25 02:44:48.937886,0.2349,0.20854124
2026-04-25 02:44:58.937886,0.2432,0.20789188
2026-04-25 02:45:08.937886,0.2389,0.21855792
2026-04-25 02:45:18.937886,0.2386,0.2338525
2026-04-25 02:45:28.937886,0.2352,0.24175748
2026-04-25 02:45:38.937886,0.2311,0.248154
2026-04-25 02:45:48.937886,0.2307,0.2530386
2026-04-25 02:45:58.937886,0.2322,0.24683388
2026-04-25 02:46:08.937886,0.2391,0.25103867
2026-04-25 02:46:18.937886,0.2423,0.24679519
2026-04-25 02:46:28.937886,0.2504,0.24373311
2026-04-25 02:46:38.937886,0.255,0.2446467
2026-04-25 02:46:48.937886,0.2556,0.24606311
2026-04-25 02:46:58.937886,0.2537,0.2549016
2026-04-25 02:47:08.937886,0.2551,0.2593919
2026-04-25 02:47:18.937886,0.2568,0.26798058
2026-04-25 02:47:28.937886,0.2572,0.26847583
2026-04-25 02:47:38.937886,0.2627,0.2692245
2026-04-25 02:47:48.937886,0.2694,0.2630185
2026-04-25 02:47:58.937886,0.2836,0.2651875
2026-04-25 02:48:08.937886,0.2934,0.26586476
2026-04-25 02:48:18.937886,0.2999,0.26931223
2026-04-25 02:48:28.937886,0.3016,0.27383554
2026-04-25 02:48:38.937886,0.3058,0.282295
2026-04-25 02:48:48.937886,0.3075,0.29773784
2026-04-25 02:48:58.937886,0.3112,0.30490112
2026-04-25 02:49:08.937886,0.3144,0.30936962
2026-04-25 02:49:18.937886,0.321,0.31292307
2026-04-25 02:49:28.937886,0.3286,0.31562135
2026-04-25 02:49:38.937886,0.3363,0.32021627
2026-04-25 02:49:48.937886,0.342,0.3183233
2026-04-25 02:49:58.937886,0.3483,0.3206475
2026-04-25 02:50:08.937886,0.3531,0.32490197
2026-04-25 02:50:18.937886,0.3602,0.33102843
2026-04-25 02:50:28.937886,0.3631,0.33829033
2026-04-25 02:50:38.937886,0.3684,0.3442742
2026-04-25 02:50:48.937886,0.3764,0.3497447
2026-04-25 02:50:58.937886,0.3656,0.35584044
2026-04-25 02:51:08.937886,0.0,0.36420712
2026-04-25 02:51:18.937886,0.0013,0.36481732
2026-04-25 02:51:28.937886,0.0011,0.3695412
2026-04-25 02:51:38.937886,0.0,0.37826744
2026-04-25 02:51:48.937886,0.0038,0.3633428
2026-04-25 02:51:58.937886,0.0082,0.050545633
2026-04-25 02:52:08.937886,0.0086,0.030143261
2026-04-25 02:52:18.937886,0.0094,0.037912786
2026-04-25 02:52:28.937886,0.0119,0.0491288
2026-04-25 02:52:38.937886,0.029,0.06747717
2026-04-25 02:52:48.937886,0.0446,0.060732663
2026-04-25 02:52:58.937886,0.0633,0.056982905
2026-04-25 02:53:08.937886,0.0785,0.060762733
2026-04-25 02:53:18.937886,0.0969,0.06300306
2026-04-25 02:53:28.937886,0.096,0.07313651
2026-04-25 02:53:38.937886,0.0978,0.0905187
2026-04-25 02:53:48.937886,0.0975,0.11088598
2026-04-25 02:53:58.937886,0.0984,0.11364943
2026-04-25 02:54:08.937886,0.099,0.1234771
2026-04-25 02:54:18.937886,0.0967,0.1273681
2026-04-25 02:54:28.937886,0.0968,0.12844399
2026-04-25 02:54:38.937886,0.0963,0.12571909
2026-04-25 02:54:48.937886,0.0933,0.13010974
2026-04-25 02:54:58.937886,0.097,0.13126016
2026-04-25 02:55:08.937886,0.1092,0.13193703
2026-04-25 02:55:18.937886,0.1221,0.13014947
2026-04-25 02:55:28.937886,0.135,0.12669498
2026-04-25 02:55:38.937886,0.1489,0.13097015
2026-04-25 02:55:48.937886,0.1602,0.13270985
2026-04-25 02:55:58.937886,0.1577,0.14206614
2026-04-25 02:56:08.937886,0.151,0.15194234
2026-04-25 02:56:18.937886,0.1471,0.16263644
2026-04-25 02:56:28.937886,0.144,0.17447539
2026-04-25 02:56:38.937886,0.1393,0.18681934
2026-04-25 02:56:48.937886,0.1477,0.1864437
2026-04-25 02:56:58.937886,0.1552,0.17669567
2026-04-25 02:57:08.937886,0.162,0.16688591
2026-04-25 02:57:18.937886,0.1676,0.16522208
2026-04-25 02:57:28.937886,0.1746,0.16232713
2026-04-25 02:57:38.937886,0.1844,0.1713427
2026-04-25 02:57:48.937886,0.192,0.17770168
2026-04-25 02:57:58.937886,0.2034,0.1861769
2026-04-25 02:58:08.937886,0.2145,0.19567478
2026-04-25 02:58:18.937886,0.2252,0.20041338
2026-04-25 02:58:28.937886,0.226,0.21043682
2026-04-25 02:58:38.937886,0.2297,0.215962
2026-04-25 02:58:48.937886,0.2311,0.2243874
2026-04-25 02:58:58.937886,0.2328,0.23129296
2026-04-25 02:59:08.937886,0.2361,0.2429342
2026-04-25 02:59:18.937886,0.2376,0.24548167
2026-04-25 02:59:28.937886,0.2356,0.24644026
2026-04-25 02:59:38.937886,0.2363,0.25018218
2026-04-25 02:59:48.937886,0.2364,0.25001013
2026-04-25 02:59:58.937886,0.2316,0.25404215
2026-04-25 03:00:08.937886,0.2439,0.25283903
2026-04-25 03:00:18.937886,0.2551,0.25188807
2026-04-25 03:00:28.937886,0.2667,0.2537693
2026-04-25 03:00:38.937886,0.2822,0.25197852
2026-04-25 03:00:48.937886,0.2936,0.248032
2026-04-25 03:00:58.937886,0.2937,0.2585271
2026-04-25 03:01:08.937886,0.2948,0.27332655
2026-04-25 03:01:18.937886,0.2936,0.28436095
2026-04-25 03:01:28.937886,0.2955,0.30144125
2026-04-25 03:01:38.937886,0.2943,0.3139069
2026-04-25 03:01:48.937886,0.2926,0.31161734
2026-04-25 03:01:58.937886,0.288,0.31202233
2026-04-25 03:02:08.937886,0.2894,0.31081536
2026-04-25 03:02:18.937886,0.2829,0.31128335
2026-04-25 03:02:28.937886,0.2835,0.31117922
2026-04-25 03:02:38.937886,0.2838,0.30968225
2026-04-25 03:02:48.937886,0.2845,0.30452776
2026-04-25 03:02:58.937886,0.2864,0.3035264
2026-04-25 03:03:08.937886,0.2885,0.29933476
2026-04-25 03:03:18.937886,0.2942,0.30212435
2026-04-25 03:03:28.937886,0.2982,0.30152556
2026-04-25 03:03:38.937886,0.3019,0.29838315
2026-04-25 03:03:48.937886,0.3056,0.29992756
2026-04-25 03:03:58.937886,0.3054,0.30410445
2026-04-25 03:04:08.937886,0.3065,0.30865923
2026-04-25 03:04:18.937886,0.2973,0.3122041
2026-04-25 03:04:28.937886,0.2938,0.31621465
2026-04-25 03:04:38.937886,0.2936,0.31671447
2026-04-25 03:04:48.937886,0.2876,0.3144569
2026-04-25 03:04:58.937886,0.2885,0.3181038
2026-04-25 03:05:08.937886,0.2879,0.3065047
2026-04-25 03:05:18.937886,0.2868,0.30232084
2026-04-25 03:05:28.937886,0.2866,0.30520955
2026-04-25 03:05:38.937886,0.2847,0.2984118
2026-04-25 03:05:48.937886,0.2854,0.29718325
2026-04-25 03:05:58.937886,0.2895,0.29835418
2026-04-25 03:06:08.937886,0.2919,0.30066296
2026-04-25 03:06:18.937886,0.2937,0.29929897
2026-04-25 03:06:28.937886,0.2963,0.29573837
2026-04-25 03:06:38.937886,0.2987,0.2957183
2026-04-25 03:06:48.937886,0.2952,0.29794142
2026-04-25 03:06:58.937886,0.2924,0.29578504
2026-04-25 03:07:08.937886,0.2934,0.302484
2026-04-25 03:07:18.937886,0.2916,0.30627903
2026-04-25 03:07:28.937886,0.2898,0.30657995
2026-04-25 03:07:38.937886,0.2862,0.30467817
2026-04-25 03:07:48.937886,0.2873,0.29902828
2026-04-25 03:07:58.937886,0.2848,0.29428956
2026-04-25 03:08:08.937886,0.2858,0.2957083
2026-04-25 03:08:18.937886,0.2856,0.29688337
2026-04-25 03:08:28.937886,0.2817,0.29387242
2026-04-25 03:08:38.937886,0.2826,0.29345766
2026-04-25 03:08:48.937886,0.2808,0.29165202
2026-04-25 03:08:58.937886,0.2796,0.29148275
2026-04-25 03:09:08.937886,0.4008,0.2901494
2026-04-25 03:09:18.937886,0.3914,0.29016322
2026-04-25 03:09:28.937886,0.3793,0.29051548
2026-04-25 03:09:38.937886,0.3717,0.28792635
2026-04-25 03:09:48.937886,0.3632,0.28532267
2026-04-25 03:09:58.937886,0.3522,0.39633057
2026-04-25 03:10:08.937886,0.3534,0.40521058
2026-04-25 03:10:18.937886,0.3523,0.38766277
2026-04-25 03:10:28.937886,0.355,0.36779085
2026-04-25 03:10:38.937886,0.3563,0.35266235
2026-04-25 03:10:48.937886,0.3609,0.34415805
2026-04-25 03:10:58.937886,0.3721,0.3406546
2026-04-25 03:11:08.937886,0.3817,0.33948037
2026-04-25 03:11:18.937886,0.39,0.3494409
2026-04-25 03:11:28.937886,0.4005,0.359488
2026-04-25 03:11:38.937886,0.41,0.35809883
2026-04-25 03:11:48.937886,0.4064,0.3639847
2026-04-25 03:11:58.937886,0.4068,0.3817466
2026-04-25 03:12:08.937886,0.4054,0.38919485
2026-04-25 03:12:18.937886,0.4034,0.39463574
2026-04-25 03:12:28.937886,0.4027,0.39890015
2026-04-25 03:12:38.937886,0.3965,0.39862698
2026-04-25 03:12:48.937886,0.3895,0.39807582
2026-04-25 03:12:58.937886,0.3847,0.40001923
2026-04-25 03:13:08.937886,0.3783,0.39357424
2026-04-25 03:13:18.937886,0.3742,0.3978787
2026-04-25 03:13:28.937886,0.3636,0.38925472
2026-04-25 03:13:38.937886,0.3551,0.38192257
2026-04-25 03:13:48.937886,0.3471,0.37906578
2026-04-25 03:13:58.937886,0.3393,0.37514034
2026-04-25 03:14:08.937886,0.3307,0.3724584
2026-04-25 03:14:18.937886,0.3205,0.36132586
2026-04-25 03:14:28.937886,0.3121,0.35129428
2026-04-25 03:14:38.937886,0.3028,0.3439641
2026-04-25 03:14:48.937886,0.2939,0.33711508
2026-04-25 03:14:58.937886,0.285,0.32807872
2026-04-25 03:15:08.937886,0.2955,0.31498283
2026-04-25 03:15:18.937886,0.3034,0.30674937
2026-04-25 03:15:28.937886,0.3108,0.30274138
2026-04-25 03:15:38.937886,0.3232,0.29602742
2026-04-25 03:15:48.937886,0.3316,0.28543553
2026-04-25 03:15:58.937886,0.3228,0.29777467
2026-04-25 03:16:08.937886,0.3159,0.30973184
2026-04-25 03:16:18.937886,0.308,0.3180419
2026-04-25 03:16:28.937886,0.3021,0.32714427
2026-04-25 03:16:38.937886,0.2991,0.33894208
2026-04-25 03:16:48.937886,0.2996,0.33149153
2026-04-25 03:16:58.937886,0.3029,0.32342386
2026-04-25 03:17:08.937886,0.3034,0.3145084
2026-04-25 03:17:18.937886,0.3065,0.31023842
2026-04-25 03:17:28.937886,0.3049,0.30580613
2026-04-25 03:17:38.937886,0.3068,0.3106418
2026-04-25 03:17:48.937886,0.3104,0.30943525
2026-04-25 03:17:58.937886,0.3129,0.3133494
2026-04-25 03:18:08.937886,0.3106,0.31730187
2026-04-25 03:18:18.937886,0.3141,0.31235296
2026-04-25 03:18:28.937886,0.3078,0.30977976
2026-04-25 03:18:38.937886,0.3013,0.31505167
2026-04-25 03:18:48.937886,0.2958,0.3176895
2026-04-25 03:18:58.937886,0.2889,0.31470793
2026-04-25 03:19:08.937886,0.2811,0.31958878
2026-04-25 03:19:18.937886,0.2769,0.31293204
2026-04-25 03:19:28.937886,0.2716,0.30453014
2026-04-25 03:19:38.937886,0.2662,0.29966187
2026-04-25 03:19:48.937886,0.2598,0.29283875
2026-04-25 03:19:58.937886,0.2555,0.28622153
2026-04-25 03:20:08.937886,0.2565,0.28316945
2026-04-25 03:20:18.937886,0.2555,0.28031775
2026-04-25 03:20:28.937886,0.2538,0.27351126
2026-04-25 03:20:38.937886,0.2493,0.26940376
2026-04-25 03:20:48.937886,0.2478,0.266695
2026-04-25 03:20:58.937886,0.2578,0.2661542
2026-04-25 03:21:08.937886,0.2669,0.26182127
2026-04-25 03:21:18.937886,0.2763,0.26202878
2026-04-25 03:21:28.937886,0.2831,0.2604248
2026-04-25 03:21:38.937886,0.2899,0.2579475
2026-04-25 03:21:48.937886,0.2875,0.26914927
2026-04-25 03:21:58.937886,0.2852,0.2801154
2026-04-25 03:22:08.937886,0.2815,0.289831
2026-04-25 03:22:18.937886,0.2797,0.29808515
2026-04-25 03:22:28.937886,0.278,0.3011492
2026-04-25 03:22:38.937886,0.2802,0.29774582
2026-04-25 03:22:48.937886,0.2774,0.29474753
2026-04-25 03:22:58.937886,0.2753,0.29215324
2026-04-25 03:23:08.937886,0.2734,0.2894856
2026-04-25 03:23:18.937886,0.2725,0.28567645
2026-04-25 03:23:28.937886,0.2816,0.2880872
2026-04-25 03:23:38.937886,0.2915,0.288143
2026-04-25 03:23:48.937886,0.2978,0.28487015
2026-04-25 03:23:58.937886,0.3075,0.28764188
2026-04-25 03:24:08.937886,0.3167,0.28518605
2026-04-25 03:24:18.937886,0.306,0.29334635
2026-04-25 03:24:28.937886,0.2984,0.30171314
2026-04-25 03:24:38.937886,0.293,0.30647722
2026-04-25 03:24:48.937886,0.2873,0.3129142
2026-04-25 03:24:58.937886,0.2819,0.3222428
2026-04-25 03:25:08.937886,0.2722,0.3122547
2026-04-25 03:25:18.937886,0.2686,0.3046357
2026-04-25 03:25:28.937886,0.2641,0.29782045
2026-04-25 03:25:38.937886,0.2565,0.29434144
2026-04-25 03:25:48.937886,0.2521,0.2919873
2026-04-25 03:25:58.937886,0.2437,0.28214055
2026-04-25 03:26:08.937886,0.2388,0.27710202
2026-04-25 03:26:18.937886,0.2329,0.27853417
2026-04-25 03:26:28.937886,0.2241,0.27057213
2026-04-25 03:26:38.937886,0.2194,0.26769653
2026-04-25 03:26:48.937886,0.2214,0.26123008
2026-04-25 03:26:58.937886,0.2243,0.25888917
2026-04-25 03:27:08.937886,0.2243,0.25351566
2026-04-25 03:27:18.937886,0.2261,0.24580935
2026-04-25 03:27:28.937886,0.2295,0.2418538
2026-04-25 03:27:38.937886,0.2297,0.24330078
2026-04-25 03:27:48.937886,0.2317,0.24510741
2026-04-25 03:27:58.937886,0.2352,0.24384126
2026-04-25 03:28:08.937886,0.2369,0.24250042
2026-04-25 03:28:18.937886,0.2398,0.24470876
2026-04-25 03:28:28.937886,0.2471,0.24486652
2026-04-25 03:28:38.937886,0.2551,0.24545726
2026-04-25 03:28:48.937886,0.2647,0.2444632
2026-04-25 03:28:58.937886,0.2746,0.24687043
2026-04-25 03:29:08.937886,0.2808,0.25146437
2026-04-25 03:29:18.937886,0.2862,0.25894415
2026-04-25 03:29:28.937886,0.2896,0.26469058
2026-04-25 03:29:38.937886,0.2972,0.27366874
2026-04-25 03:29:48.937886,0.2983,0.28324494
2026-04-25 03:29:58.937886,0.3091,0.29172698
2026-04-25 03:30:08.937886,0.315,0.29623258
2026-04-25 03:30:18.937886,0.3158,0.30098224
2026-04-25 03:30:28.937886,0.318,0.30692723
2026-04-25 03:30:38.937886,0.323,0.30964527
2026-04-25 03:30:48.937886,0.3252,0.31742096
2026-04-25 03:30:58.937886,0.3219,0.32391745
2026-04-25 03:31:08.937886,0.318,0.32320005
2026-04-25 03:31:18.937886,0.3145,0.32513225
2026-04-25 03:31:28.937886,0.3094,0.32845944
2026-04-25 03:31:38.937886,0.3044,0.32728368
2026-04-25 03:31:48.937886,0.2984,0.3253871
2026-04-25 03:31:58.937886,0.2927,0.32013363
2026-04-25 03:32:08.937886,0.2848,0.31716415
2026-04-25 03:32:18.937886,0.2767,0.31295505
2026-04-25 03:32:28.937886,0.269,0.30912623
2026-04-25 03:32:38.937886,0.266,0.30298436
2026-04-25 03:32:48.937886,0.2608,0.30045435
2026-04-25 03:32:58.937886,0.2528,0.29411066
2026-04-25 03:33:08.937886,0.2469,0.2871007
2026-04-25 03:33:18.937886,0.246,0.28193185
2026-04-25 03:33:28.937886,0.2499,0.279987
2026-04-25 03:33:38.937886,0.2509,0.27729893
2026-04-25 03:33:48.937886,0.249,0.26768482
2026-04-25 03:33:58.937886,0.2511,0.2611729
2026-04-25 03:34:08.937886,0.252,0.26033854
2026-04-25 03:34:18.937886,0.2596,0.26511574
2026-04-25 03:34:28.937886,0.2642,0.26777083
2026-04-25 03:34:38.937886,0.2668,0.26662344
2026-04-25 03:34:48.937886,0.2741,0.26813364
2026-04-25 03:34:58.937886,0.278,0.26764286
2026-04-25 03:35:08.937886,0.2855,0.2764116
2026-04-25 03:35:18.937886,0.2925,0.28099713
2026-04-25 03:35:28.937886,0.2975,0.28351516
2026-04-25 03:35:38.937886,0.3069,0.2896095
2026-04-25 03:35:48.937886,0.3141,0.2915442
2026-04-25 03:35:58.937886,0.3207,0.2998399
2026-04-25 03:36:08.937886,0.3284,0.30602327
2026-04-25 03:36:18.937886,0.3355,0.31023836
2026-04-25 03:36:28.937886,0.34,0.31970435
2026-04-25 03:36:38.937886,0.3483,0.32510865
2026-04-25 03:36:48.937886,0.3551,0.3327449
2026-04-25 03:36:58.937886,0.3579,0.34035736
2026-04-25 03:37:08.937886,0.3647,0.344138
2026-04-25 03:37:18.937886,0.3685,0.35107532
2026-04-25 03:37:28.937886,0.3744,0.3576393
2026-04-25 03:37:38.937886,0.37,0.36396766
2026-04-25 03:37:48.937886,0.3685,0.36342627
2026-04-25 03:37:58.937886,0.3685,0.36962584
2026-04-25 03:38:08.937886,0.3672,0.36974138
2026-04-25 03:38:18.937886,0.3635,0.37174046
2026-04-25 03:38:28.937886,0.3614,0.3647508
2026-04-25 03:38:38.937886,0.3586,0.3630551
2026-04-25 03:38:48.937886,0.3538,0.36149508
2026-04-25 03:38:58.937886,0.3507,0.36375502
2026-04-25 03:39:08.937886,0.3464,0.36295068
2026-04-25 03:39:18.937886,0.3516,0.35644215
2026-04-25 03:39:28.937886,0.3523,0.3559364
2026-04-25 03:39:38.937886,0.3548,0.35035574
2026-04-25 03:39:48.937886,0.3591,0.34466442
2026-04-25 03:39:58.937886,0.3614,0.34169942
2026-04-25 03:40:08.937886,0.3611,0.3481364
2026-04-25 03:40:18.937886,0.3644,0.35017008
2026-04-25 03:40:28.937886,0.3669,0.354312
2026-04-25 03:40:38.937886,0.3664,0.35882893
2026-04-25 03:40:48.937886,0.3667,0.36004186
2026-04-25 03:40:58.937886,0.3628,0.36225766
2026-04-25 03:41:08.937886,0.3559,0.36338747
2026-04-25 03:41:18.937886,0.3507,0.36703905
2026-04-25 03:41:28.937886,0.3454,0.36498043
2026-04-25 03:41:38.937886,0.344,0.3655265
2026-04-25 03:41:48.937886,0.3406,0.35791078
2026-04-25 03:41:58.937886,0.3374,0.35364938
2026-04-25 03:42:08.937886,0.3372,0.3450856
2026-04-25 03:42:18.937886,0.3343,0.34164453
2026-04-25 03:42:28.937886,0.2388,0.34147787
2026-04-25 03:42:38.937886,0.2468,0.3416127
2026-04-25 03:42:48.937886,0.2581,0.33827457
2026-04-25 03:42:58.937886,0.2664,0.3378792
2026-04-25 03:43:08.937886,0.2733,0.3342639
2026-04-25 03:43:18.937886,0.2831,0.24869332
2026-04-25 03:43:28.937886,0.2905,0.24994886
2026-04-25 03:43:38.937886,0.2961,0.2645409
2026-04-25 03:43:48.937886,0.3019,0.27640298
2026-04-25 03:43:58.937886,0.3057,0.28829193
2026-04-25 03:44:08.937886,0.3087,0.29340026
2026-04-25 03:44:18.937886,0.3083,0.3029374
2026-04-25 03:44:28.937886,0.308,0.30573896
2026-04-25 03:44:38.937886,0.3091,0.30862173
2026-04-25 03:44:48.937886,0.3056,0.30765727
2026-04-25 03:44:58.937886,0.3054,0.3086321
2026-04-25 03:45:08.937886,0.3142,0.31204388
2026-04-25 03:45:18.937886,0.3224,0.30852664
2026-04-25 03:45:28.937886,0.3321,0.3106125
2026-04-25 03:45:38.937886,0.3402,0.3117122
2026-04-25 03:45:48.937886,0.3436,0.31227902
2026-04-25 03:45:58.937886,0.3474,0.31861475
2026-04-25 03:46:08.937886,0.3501,0.32653087
2026-04-25 03:46:18.937886,0.3545,0.33501515
2026-04-25 03:46:28.937886,0.3554,0.3428878
2026-04-25 03:46:38.937886,0.3581,0.3447656
2026-04-25 03:46:48.937886,0.3639,0.34837082
2026-04-25 03:46:58.937886,0.3658,0.3522408
2026-04-25 03:47:08.937886,0.3678,0.3546352
2026-04-25 03:47:18.937886,0.3684,0.35694087
2026-04-25 03:47:28.937886,0.3667,0.35824913
2026-04-25 03:47:38.937886,0.3626,0.36265185
2026-04-25 03:47:48.937886,0.3526,0.3641658
2026-04-25 03:47:58.937886,0.3403,0.36881176
2026-04-25 03:48:08.937886,0.3326,0.36868155
2026-04-25 03:48:18.937886,0.3251,0.36799154
2026-04-25 03:48:28.937886,0.3195,0.35966927
2026-04-25 03:48:38.937886,0.312,0.3485161
2026-04-25 03:48:48.937886,0.3057,0.33764702
2026-04-25 03:48:58.937886,0.3017,0.32959652
2026-04-25 03:49:08.937886,0.2962,0.32584888
2026-04-25 03:49:18.937886,0.3019,0.32114908
2026-04-25 03:49:28.937886,0.306,0.3150664
2026-04-25 03:49:38.937886,0.8288,0.31057328
2026-04-25 03:49:48.937886,0.818,0.3064755
2026-04-25 03:49:58.937886,0.808,0.30131483
2026-04-25 03:50:08.937886,0.7891,0.30708912
2026-04-25 03:50:18.937886,0.7705,0.31080657
2026-04-25 03:50:28.937886,0.7543,0.7211524
2026-04-25 03:50:38.937886,0.7362,0.73577374
2026-04-25 03:50:48.937886,0.7192,0.7119504
2026-04-25 03:50:58.937886,0.7091,0.68873274
2026-04-25 03:51:08.937886,0.6999,0.67868346
2026-04-25 03:51:18.937886,0.6904,0.66117823
2026-04-25 03:51:28.937886,0.6824,0.639789
2026-04-25 03:51:38.937886,0.675,0.6207571
2026-04-25 03:51:48.937886,0.6631,0.6200505
2026-04-25 03:51:58.937886,0.6497,0.6143024
2026-04-25 03:52:08.937886,0.6375,0.6069649
2026-04-25 03:52:18.937886,0.6223,0.6064036
2026-04-25 03:52:28.937886,0.613,0.6198576
2026-04-25 03:52:38.937886,0.6115,0.6120986
2026-04-25 03:52:48.937886,0.6144,0.6005671
2026-04-25 03:52:58.937886,0.6163,0.58869314
2026-04-25 03:53:08.937886,0.6174,0.5826329
2026-04-25 03:53:18.937886,0.6177,0.5704442
2026-04-25 03:53:28.937886,0.6157,0.5701468
2026-04-25 03:53:38.937886,0.6084,0.5765769
2026-04-25 03:53:48.937886,0.6006,0.5783515
2026-04-25 03:53:58.937886,0.598,0.5754
2026-04-25 03:54:08.937886,0.5895,0.57148737
2026-04-25 03:54:18.937886,0.5951,0.57382625
2026-04-25 03:54:28.937886,0.5955,0.565391
2026-04-25 03:54:38.937886,0.5975,0.55567586
2026-04-25 03:54:48.937886,0.5997,0.5543628
2026-04-25 03:54:58.937886,0.598,0.54965216
2026-04-25 03:55:08.937886,0.5966,0.5586262
2026-04-25 03:55:18.937886,0.5969,0.55567217
2026-04-25 03:55:28.937886,0.5938,0.55731946
2026-04-25 03:55:38.937886,0.5917,0.56114966
2026-04-25 03:55:48.937886,0.5914,0.561749
2026-04-25 03:55:58.937886,0.5895,0.56134266
2026-04-25 03:56:08.937886,0.5905,0.5582799
2026-04-25 03:56:18.937886,0.5892,0.5573704
2026-04-25 03:56:28.937886,0.5887,0.556004
2026-04-25 03:56:38.937886,0.5831,0.55525094
2026-04-25 03:56:48.937886,0.5818,0.55523604
2026-04-25 03:56:58.937886,0.582,0.55203015
2026-04-25 03:57:08.937886,0.5845,0.54853135
2026-04-25 03:57:18.937886,0.5849,0.5469936
2026-04-25 03:57:28.937886,0.5837,0.54415786
2026-04-25 03:57:38.937886,0.5871,0.5453117
2026-04-25 03:57:48.937886,0.5851,0.5440599
2026-04-25 03:57:58.937886,0.5878,0.54731566
2026-04-25 03:58:08.937886,0.5886,0.54801273
2026-04-25 03:58:18.937886,0.5862,0.54321563
2026-04-25 03:58:28.937886,0.5909,0.5466354
2026-04-25 03:58:38.937886,0.5933,0.54389
2026-04-25 03:58:48.937886,0.5914,0.5465642
2026-04-25 03:58:58.937886,0.5941,0.5443033
2026-04-25 03:59:08.937886,0.5949,0.54491085
2026-04-25 03:59:18.937886,0.6006,0.5505572
2026-04-25 03:59:28.937886,0.6066,0.5558712
2026-04-25 03:59:38.937886,0.6069,0.5500273
2026-04-25 03:59:48.937886,0.606,0.5529225
2026-04-25 03:59:58.937886,0.6084,0.5571744
2026-04-25 04:00:08.937886,0.6059,0.56126404
2026-04-25 04:00:18.937886,0.6048,0.56591785
2026-04-25 04:00:28.937886,0.6032,0.5600841
2026-04-25 04:00:38.937886,0.6063,0.55714
2026-04-25 04:00:48.937886,0.6055,0.5578012
2026-04-25 04:00:58.937886,0.5947,0.5550076
2026-04-25 04:01:08.937886,0.5856,0.5577941
2026-04-25 04:01:18.937886,0.572,0.55787045
2026-04-25 04:01:28.937886,0.5628,0.5599955
2026-04-25 04:01:38.937886,0.5498,0.5594162
2026-04-25 04:01:48.937886,0.5454,0.55170417
2026-04-25 04:01:58.937886,0.5404,0.54217625
2026-04-25 04:02:08.937886,0.5354,0.53283745
2026-04-25 04:02:18.937886,0.5329,0.52320504
2026-04-25 04:02:28.937886,0.4913,0.5140429
2026-04-25 04:02:38.937886,0.494,0.5132893
2026-04-25 04:02:48.937886,0.4993,0.5089997
2026-04-25 04:02:58.937886,0.5063,0.5006257
2026-04-25 04:03:08.937886,0.512,0.5003701
2026-04-25 04:03:18.937886,0.5147,0.46123484
2026-04-25 04:03:28.937886,0.5103,0.46217805
2026-04-25 04:03:38.937886,0.5068,0.47055292
2026-04-25 04:03:48.937886,0.5043,0.4817032
2026-04-25 04:03:58.937886,0.4991,0.49007708
2026-04-25 04:04:08.937886,0.4928,0.48946685
2026-04-25 04:04:18.937886,0.4946,0.490803
2026-04-25 04:04:28.937886,0.4965,0.48755273
2026-04-25 04:04:38.937886,0.494,0.48427093
2026-04-25 04:04:48.937886,0.4962,0.4745187
2026-04-25 04:04:58.937886,0.4972,0.4697615
2026-04-25 04:05:08.937886,0.4977,0.4700713
2026-04-25 04:05:18.937886,0.4929,0.4728707
2026-04-25 04:05:28.937886,0.4879,0.4729094
2026-04-25 04:05:38.937886,0.4862,0.47383004
2026-04-25 04:05:48.937886,0.4894,0.47232977
2026-04-25 04:05:58.937886,0.4892,0.47154385
2026-04-25 04:06:08.937886,0.4864,0.46905422
2026-04-25 04:06:18.937886,0.488,0.4612484
2026-04-25 04:06:28.937886,0.4893,0.46502775
2026-04-25 04:06:38.937886,0.4906,0.4716637
2026-04-25 04:06:48.937886,0.498,0.47294798
2026-04-25 04:06:58.937886,0.5017,0.4706302
2026-04-25 04:07:08.937886,0.506,0.47603157
2026-04-25 04:07:18.937886,0.5097,0.47624546
2026-04-25 04:07:28.937886,0.5116,0.47591567
2026-04-25 04:07:38.937886,0.5076,0.48178315
2026-04-25 04:07:48.937886,0.5016,0.4856819
2026-04-25 04:07:58.937886,0.4943,0.49291763
2026-04-25 04:08:08.937886,0.4923,0.49527913
2026-04-25 04:08:18.937886,0.4867,0.49765188
2026-04-25 04:08:28.937886,0.4754,0.4909372
2026-04-25 04:08:38.937886,0.466,0.4834891
2026-04-25 04:08:48.937886,0.4569,0.47461286
2026-04-25 04:08:58.937886,0.4496,0.4711069
2026-04-25 04:09:08.937886,0.4406,0.47020745
2026-04-25 04:09:18.937886,0.4333,0.4628763
2026-04-25 04:09:28.937886,0.4227,0.45262766
2026-04-25 04:09:38.937886,0.416,0.44480056
2026-04-25 04:09:48.937886,0.4088,0.4369532
2026-04-25 04:09:58.937886,0.4019,0.4322383
2026-04-25 04:10:08.937886,0.3982,0.42575374
2026-04-25 04:10:18.937886,0.3955,0.41130927
2026-04-25 04:10:28.937886,0.3869,0.4034297
2026-04-25 04:10:38.937886,0.3838,0.40013668
2026-04-25 04:10:48.937886,0.3785,0.39311165
2026-04-25 04:10:58.937886,0.376,0.39349377
2026-04-25 04:11:08.937886,0.3765,0.38753223
2026-04-25 04:11:18.937886,0.3728,0.37985003
2026-04-25 04:11:28.937886,0.3714,0.37505153
2026-04-25 04:11:38.937886,0.3686,0.37023595
2026-04-25 04:11:48.937886,0.369,0.37043825
2026-04-25 04:11:58.937886,0.3702,0.37312967
2026-04-25 04:12:08.937886,0.3679,0.367647
2026-04-25 04:12:18.937886,0.3691,0.36603376
2026-04-25 04:12:28.937886,0.371,0.36090133
2026-04-25 04:12:38.937886,0.3688,0.35792312
2026-04-25 04:12:48.937886,0.3683,0.3611683
2026-04-25 04:12:58.937886,0.3687,0.3604729
2026-04-25 04:13:08.937886,0.3677,0.36140487
2026-04-25 04:13:18.937886,0.3705,0.36503956
2026-04-25 04:13:28.937886,0.3739,0.3645896
2026-04-25 04:13:38.937886,0.378,0.36135995
2026-04-25 04:13:48.937886,0.3765,0.35905924
2026-04-25 04:13:58.937886,0.3782,0.35716125
2026-04-25 04:14:08.937886,0.3803,0.36158457
2026-04-25 04:14:18.937886,0.3882,0.3639695
2026-04-25 04:14:28.937886,0.3964,0.3683612
2026-04-25 04:14:38.937886,0.4032,0.37300897
2026-04-25 04:14:48.937886,0.4103,0.37137067
2026-04-25 04:14:58.937886,0.4197,0.373345
2026-04-25 04:15:08.937886,0.4249,0.38129517
2026-04-25 04:15:18.937886,0.4266,0.39097434
2026-04-25 04:15:28.937886,0.4331,0.39513072
2026-04-25 04:15:38.937886,0.438,0.39848542
2026-04-25 04:15:48.937886,0.4418,0.40637338
2026-04-25 04:15:58.937886,0.4355,0.41487664
2026-04-25 04:16:08.937886,0.4265,0.41534144
2026-04-25 04:16:18.937886,0.4198,0.42011932
2026-04-25 04:16:28.937886,0.4117,0.42292148
2026-04-25 04:16:38.937886,0.4063,0.43042988
2026-04-25 04:16:48.937886,0.3997,0.4224528
2026-04-25 04:16:58.937886,0.394,0.41293612
2026-04-25 04:17:08.937886,0.3896,0.40175986
2026-04-25 04:17:18.937886,0.3857,0.39878657
2026-04-25 04:17:28.937886,0.384,0.3941384
2026-04-25 04:17:38.937886,0.3883,0.38779524
2026-04-25 04:17:48.937886,0.3889,0.381372
2026-04-25 04:17:58.937886,0.3913,0.37826738
2026-04-25 04:18:08.937886,0.3894,0.37607217
2026-04-25 04:18:18.937886,0.3899,0.37428147
2026-04-25 04:18:28.937886,0.3954,0.38152793
2026-04-25 04:18:38.937886,0.4035,0.38629463
2026-04-25 04:18:48.937886,0.4118,0.38807875
2026-04-25 04:18:58.937886,0.421,0.38594478
2026-04-25 04:19:08.937886,0.429,0.38851494
2026-04-25 04:19:18.937886,0.4173,0.38997415
2026-04-25 04:19:28.937886,0.4022,0.39579198
2026-04-25 04:19:38.937886,0.3941,0.4053346
2026-04-25 04:19:48.937886,0.381,0.4118707
2026-04-25 04:19:58.937886,0.3652,0.41945648
2026-04-25 04:20:08.937886,0.3653,0.4088186
2026-04-25 04:20:18.937886,0.3667,0.38991594
2026-04-25 04:20:28.937886,0.3663,0.37917438
2026-04-25 04:20:38.937886,0.3677,0.3698854
2026-04-25 04:20:48.937886,0.3678,0.3568634
2026-04-25 04:20:58.937886,0.3636,0.35853052
2026-04-25 04:21:08.937886,0.3553,0.36052394
2026-04-25 04:21:18.937886,0.3509,0.3613087
2026-04-25 04:21:28.937886,0.3455,0.36220253
2026-04-25 04:21:38.937886,0.3424,0.36077085
2026-04-25 04:21:48.937886,0.335,0.35464436
2026-04-25 04:21:58.937886,0.326,0.34769094
2026-04-25 04:22:08.937886,0.3241,0.34304225
2026-04-25 04:22:18.937886,0.3217,0.3403352
2026-04-25 04:22:28.937886,0.3169,0.33714315
2026-04-25 04:22:38.937886,0.3193,0.33395243
2026-04-25 04:22:48.937886,0.3188,0.32849085
2026-04-25 04:22:58.937886,0.3157,0.3270595
2026-04-25 04:23:08.937886,0.3194,0.32284468
2026-04-25 04:23:18.937886,0.3172,0.31862524
2026-04-25 04:23:28.937886,0.3122,0.3224662
2026-04-25 04:23:38.937886,0.3077,0.32121396
2026-04-25 04:23:48.937886,0.3052,0.31858423
2026-04-25 04:23:58.937886,0.3037,0.32327288
2026-04-25 04:24:08.937886,0.2972,0.31961688
2026-04-25 04:24:18.937886,0.2931,0.3165343
2026-04-25 04:24:28.937886,0.2914,0.3128653
2026-04-25 04:24:38.937886,0.2942,0.30718467
2026-04-25 04:24:48.937886,0.2964,0.30375892
2026-04-25 04:24:58.937886,0.2966,0.2969389
2026-04-25 04:25:08.937886,0.3037,0.29656407
2026-04-25 04:25:18.937886,0.3094,0.2959058
2026-04-25 04:25:28.937886,0.3121,0.298151
2026-04-25 04:25:38.937886,0.3159,0.30185175
2026-04-25 04:25:48.937886,0.3176,0.30360237
2026-04-25 04:25:58.937886,0.3147,0.3102018
2026-04-25 04:26:08.937886,0.3095,0.31716147
2026-04-25 04:26:18.937886,0.305,0.31809875
2026-04-25 04:26:28.937886,0.2981,0.32197595
2026-04-25 04:26:38.937886,0.3007,0.32160643
2026-04-25 04:26:48.937886,0.2963,0.31922734
2026-04-25 04:26:58.937886,0.2859,0.314245
2026-04-25 04:27:08.937886,0.28,0.309222
2026-04-25 04:27:18.937886,0.275,0.3046777
2026-04-25 04:27:28.937886,0.2665,0.30665666
2026-04-25 04:27:38.937886,0.2626,0.30202448
2026-04-25 04:27:48.937886,0.2544,0.2926027
2026-04-25 04:27:58.937886,0.2461,0.29060712
2026-04-25 04:28:08.937886,0.2376,0.28566322
2026-04-25 04:28:18.937886,0.2304,0.27648553
2026-04-25 04:28:28.937886,0.2383,0.26779002
2026-04-25 04:28:38.937886,0.2472,0.26288956
2026-04-25 04:28:48.937886,0.2563,0.2562507
2026-04-25 04:28:58.937886,0.2637,0.25049168
2026-04-25 04:29:08.937886,0.2702,0.24446933
2026-04-25 04:29:18.937886,0.2628,0.25370523
2026-04-25 04:29:28.937886,0.2552,0.26404405
2026-04-25 04:29:38.937886,0.2506,0.2769591
2026-04-25 04:29:48.937886,0.2475,0.2830148
2026-04-25 04:29:58.937886,0.2435,0.28256696
2026-04-25 04:30:08.937886,0.2397,0.2726628
2026-04-25 04:30:18.937886,0.2317,0.2636897
2026-04-25 04:30:28.937886,0.2252,0.2585752
2026-04-25 04:30:38.937886,0.2241,0.25650418
2026-04-25 04:30:48.937886,0.2181,0.2551199
2026-04-25 04:30:58.937886,0.2316,0.25188416
2026-04-25 04:31:08.937886,0.2455,0.24655771
2026-04-25 04:31:18.937886,0.2597,0.24088466
2026-04-25 04:31:28.937886,0.2716,0.24046072
2026-04-25 04:31:38.937886,0.2792,0.23398884
2026-04-25 04:31:48.937886,0.2886,0.24705742
2026-04-25 04:31:58.937886,0.2987,0.26374474
2026-04-25 04:32:08.937886,0.3102,0.27674115
2026-04-25 04:32:18.937886,0.32,0.28682995
2026-04-25 04:32:28.937886,0.3307,0.29480407
2026-04-25 04:32:38.937886,0.3415,0.3005649
2026-04-25 04:32:48.937886,0.3436,0.30871543
2026-04-25 04:32:58.937886,0.3494,0.31723008
2026-04-25 04:33:08.937886,0.3552,0.3253108
2026-04-25 04:33:18.937886,0.3562,0.33436748
2026-04-25 04:33:28.937886,0.3629,0.3425059
2026-04-25 04:33:38.937886,0.368,0.34268466
2026-04-25 04:33:48.937886,0.3712,0.3475943
2026-04-25 04:33:58.937886,0.3816,0.35258007
2026-04-25 04:34:08.937886,0.3875,0.35603026
2026-04-25 04:34:18.937886,0.3764,0.36082235
2026-04-25 04:34:28.937886,0.368,0.36107206
2026-04-25 04:34:38.937886,0.3575,0.36473653
2026-04-25 04:34:48.937886,0.3463,0.37232882
2026-04-25 04:34:58.937886,0.3381,0.37624538
2026-04-25 04:35:08.937886,0.3276,0.365527
2026-04-25 04:35:18.937886,0.3207,0.35800174
2026-04-25 04:35:28.937886,0.3164,0.34824917
2026-04-25 04:35:38.937886,0.3098,0.33733252
2026-04-25 04:35:48.937886,0.3058,0.32863763
2026-04-25 04:35:58.937886,0.306,0.32370389
2026-04-25 04:36:08.937886,0.3168,0.31810445
2026-04-25 04:36:18.937886,0.3224,0.31658894
2026-04-25 04:36:28.937886,0.3268,0.31248656
2026-04-25 04:36:38.937886,0.331,0.30968165
2026-04-25 04:36:48.937886,0.3227,0.3092933
2026-04-25 04:36:58.937886,0.3141,0.31932494
2026-04-25 04:37:08.937886,0.306,0.32495922
2026-04-25 04:37:18.937886,0.2965,0.33258873
2026-04-25 04:37:28.937886,0.2902,0.3328244
2026-04-25 04:37:38.937886,0.2972,0.32508886
2026-04-25 04:37:48.937886,0.3044,0.31513518
2026-04-25 04:37:58.937886,0.3099,0.30725327
2026-04-25 04:38:08.937886,0.3172,0.29888833
2026-04-25 04:38:18.937886,0.3245,0.29626915
2026-04-25 04:38:28.937886,0.3295,0.30120397
2026-04-25 04:38:38.937886,0.3332,0.31124538
2026-04-25 04:38:48.937886,0.3362,0.31585377
2026-04-25 04:38:58.937886,0.3425,0.32490695
2026-04-25 04:39:08.937886,0.3501,0.3279547
2026-04-25 04:39:18.937886,0.3407,0.33038747
2026-04-25 04:39:28.937886,0.3366,0.3341806
2026-04-25 04:39:38.937886,0.3355,0.33531314
2026-04-25 04:39:48.937886,0.3338,0.3417232
2026-04-25 04:39:58.937886,0.3281,0.3502674
2026-04-25 04:40:08.937886,0.7896,0.3420724
2026-04-25 04:40:18.937886,0.7815,0.33720663
2026-04-25 04:40:28.937886,0.7722,0.33503637
2026-04-25 04:40:38.937886,0.7636,0.33551973
2026-04-25 04:40:48.937886,0.7577,0.32680067
2026-04-25 04:40:58.937886,0.7533,0.69512975
2026-04-25 04:41:08.937886,0.7491,0.7085687
2026-04-25 04:41:18.937886,0.7467,0.6878343
2026-04-25 04:41:28.937886,0.7408,0.67136616
2026-04-25 04:41:38.937886,0.7394,0.6642164
2026-04-25 04:41:48.937886,0.7251,0.66060174
2026-04-25 04:41:58.937886,0.7108,0.6552079
2026-04-25 04:42:08.937886,0.699,0.64021707
2026-04-25 04:42:18.937886,0.6864,0.6448885
2026-04-25 04:42:28.937886,0.6728,0.6410868
2026-04-25 04:42:38.937886,0.6688,0.63294274
2026-04-25 04:42:48.937886,0.6684,0.6254169
2026-04-25 04:42:58.937886,0.669,0.6345432
2026-04-25 04:43:08.937886,0.666,0.6242982
2026-04-25 04:43:18.937886,0.6667,0.6179104
2026-04-25 04:43:28.937886,0.664,0.61572623
2026-04-25 04:43:38.937886,0.6619,0.6203587
2026-04-25 04:43:48.937886,0.6593,0.61576617
2026-04-25 04:43:58.937886,0.6568,0.6158905
2026-04-25 04:44:08.937886,0.6575,0.61622995
2026-04-25 04:44:18.937886,0.6426,0.61006796
2026-04-25 04:44:28.937886,0.6284,0.60300505
2026-04-25 04:44:38.937886,0.6169,0.59894204
2026-04-25 04:44:48.937886,0.606,0.60217446
2026-04-25 04:44:58.937886,0.5909,0.6064269
2026-04-25 04:45:08.937886,0.5733,0.5914542
2026-04-25 04:45:18.937886,0.5588,0.5796547
2026-04-25 04:45:28.937886,0.5452,0.5671708
2026-04-25 04:45:38.937886,0.536,0.55695474
2026-04-25 04:45:48.937886,0.5237,0.5465243
2026-04-25 04:45:58.937886,0.5215,0.5307441
2026-04-25 04:46:08.937886,0.5209,0.51533246
2026-04-25 04:46:18.937886,0.519,0.5085801
2026-04-25 04:46:28.937886,0.5178,0.5022867
2026-04-25 04:46:38.937886,0.5185,0.49354786
2026-04-25 04:46:48.937886,0.5192,0.49285418
2026-04-25 04:46:58.937886,0.522,0.4984842
2026-04-25 04:47:08.937886,0.5258,0.49612316
2026-04-25 04:47:18.937886,0.5287,0.49645776
2026-04-25 04:47:28.937886,0.5332,0.49650347
2026-04-25 04:47:38.937886,0.5321,0.49830878
2026-04-25 04:47:48.937886,0.5322,0.50059754
2026-04-25 04:47:58.937886,0.5325,0.50579023
2026-04-25 04:48:08.937886,0.5288,0.5087981
2026-04-25 04:48:18.937886,0.5274,0.51088095
2026-04-25 04:48:28.937886,0.521,0.5085957
2026-04-25 04:48:38.937886,0.5148,0.5055737
2026-04-25 04:48:48.937886,0.5108,0.5035121
2026-04-25 04:48:58.937886,0.5084,0.49786234
2026-04-25 04:49:08.937886,0.5027,0.49515784
2026-04-25 04:49:18.937886,0.5067,0.48966265
2026-04-25 04:49:28.937886,0.5097,0.48109335
2026-04-25 04:49:38.937886,0.512,0.47882035
2026-04-25 04:49:48.937886,0.5111,0.47629416
2026-04-25 04:49:58.937886,0.5158,0.47239774
2026-04-25 04:50:08.937886,0.5049,0.47431841
2026-04-25 04:50:18.937886,0.4952,0.47799325
2026-04-25 04:50:28.937886,0.4874,0.4817581
2026-04-25 04:50:38.937886,0.4758,0.4823762
2026-04-25 04:50:48.937886,0.4658,0.48466593
2026-04-25 04:50:58.937886,0.45,0.4765112
2026-04-25 04:51:08.937886,0.4395,0.46680015
2026-04-25 04:51:18.937886,0.4286,0.45884773
2026-04-25 04:51:28.937886,0.4132,0.4501024
2026-04-25 04:51:38.937886,0.4007,0.44348744
2026-04-25 04:51:48.937886,0.403,0.4270212
2026-04-25 04:51:58.937886,0.3992,0.42188558
2026-04-25 04:52:08.937886,0.4049,0.41034698
2026-04-25 04:52:18.937886,0.4073,0.39641723
2026-04-25 04:52:28.937886,0.4112,0.38269308
2026-04-25 04:52:38.937886,0.4012,0.38483474
2026-04-25 04:52:48.937886,0.3922,0.38241535
2026-04-25 04:52:58.937886,0.383,0.38745132
2026-04-25 04:53:08.937886,0.375,0.38665515
2026-04-25 04:53:18.937886,0.366,0.39122537
2026-04-25 04:53:28.937886,0.3571,0.38104752
2026-04-25 04:53:38.937886,0.3496,0.36978015
2026-04-25 04:53:48.937886,0.3426,0.36418164
2026-04-25 04:53:58.937886,0.3349,0.35863838
2026-04-25 04:54:08.937886,0.3282,0.35149333
2026-04-25 04:54:18.937886,0.3375,0.3441917
2026-04-25 04:54:28.937886,0.3501,0.3386877
2026-04-25 04:54:38.937886,0.3588,0.33587927
2026-04-25 04:54:48.937886,0.3709,0.32897657
2026-04-25 04:54:58.937886,0.3805,0.32289308
2026-04-25 04:55:08.937886,0.3747,0.33097646
2026-04-25 04:55:18.937886,0.3603,0.3460906
2026-04-25 04:55:28.937886,0.3562,0.35372886
2026-04-25 04:55:38.937886,0.3476,0.36565942
2026-04-25 04:55:48.937886,0.335,0.375035
2026-04-25 04:55:58.937886,0.3314,0.36987627
2026-04-25 04:56:08.937886,0.3244,0.35225376
2026-04-25 04:56:18.937886,0.3188,0.34635004
2026-04-25 04:56:28.937886,0.3132,0.33803582
2026-04-25 04:56:38.937886,0.3083,0.32965386
2026-04-25 04:56:48.937886,0.3092,0.32625386
2026-04-25 04:56:58.937886,0.3192,0.3210749
2026-04-25 04:57:08.937886,0.3258,0.3165866
2026-04-25 04:57:18.937886,0.3353,0.31375352
2026-04-25 04:57:28.937886,0.3414,0.3088631
2026-04-25 04:57:38.937886,0.351,0.30897626
2026-04-25 04:57:48.937886,0.3561,0.3169236
2026-04-25 04:57:58.937886,0.3626,0.32379365
2026-04-25 04:58:08.937886,0.3699,0.33187932
2026-04-25 04:58:18.937886,0.3747,0.3366192
2026-04-25 04:58:28.937886,0.3781,0.34330449
2026-04-25 04:58:38.937886,0.3837,0.35053053
2026-04-25 04:58:48.937886,0.389,0.3557289
2026-04-25 04:58:58.937886,0.3965,0.36238286
2026-04-25 04:59:08.937886,0.4027,0.3652348
2026-04-25 04:59:18.937886,0.3926,0.36746743
2026-04-25 04:59:28.937886,0.3824,0.37291622
2026-04-25 04:59:38.937886,0.3718,0.37379748
2026-04-25 04:59:48.937886,0.3644,0.38147932
2026-04-25 04:59:58.937886,0.3557,0.38875917
2026-04-25 05:00:08.937886,0.3514,0.38054314
2026-04-25 05:00:18.937886,0.3379,0.367879
2026-04-25 05:00:28.937886,0.3272,0.360103
2026-04-25 05:00:38.937886,0.3235,0.35461307
2026-04-25 05:00:48.937886,0.3164,0.34551606
2026-04-25 05:00:58.937886,0.3263,0.34202948
2026-04-25 05:01:08.937886,0.3367,0.3287501
2026-04-25 05:01:18.937886,0.3476,0.32011226
2026-04-25 05:01:28.937886,0.3531,0.3197566
2026-04-25 05:01:38.937886,0.3613,0.31508976
2026-04-25 05:01:48.937886,0.3569,0.3207546
2026-04-25 05:01:58.937886,0.3551,0.3323343
2026-04-25 05:02:08.937886,0.3541,0.34246123
2026-04-25 05:02:18.937886,0.3548,0.3494446
2026-04-25 05:02:28.937886,0.3554,0.35550082
2026-04-25 05:02:38.937886,0.3616,0.3506404
2026-04-25 05:02:48.937886,0.3682,0.3460118
2026-04-25 05:02:58.937886,0.3687,0.3424424
2026-04-25 05:03:08.937886,0.3715,0.34122342
2026-04-25 05:03:18.937886,0.3749,0.3429701
2026-04-25 05:03:28.937886,0.3667,0.35217592
2026-04-25 05:03:38.937886,0.3594,0.36078748
2026-04-25 05:03:48.937886,0.3531,0.35878423
2026-04-25 05:03:58.937886,0.3492,0.36167407
2026-04-25 05:04:08.937886,0.3387,0.36478263
2026-04-25 05:04:18.937886,0.3517,0.35982504
2026-04-25 05:04:28.937886,0.3604,0.35185614
2026-04-25 05:04:38.937886,0.3696,0.3465531
2026-04-25 05:04:48.937886,0.3789,0.3422924
2026-04-25 05:04:58.937886,0.3857,0.33498067
2026-04-25 05:05:08.937886,0.3892,0.34552622
2026-04-25 05:05:18.937886,0.3948,0.35677868
2026-04-25 05:05:28.937886,0.3937,0.36627892
2026-04-25 05:05:38.937886,0.3913,0.37490842
2026-04-25 05:05:48.937886,0.3901,0.38003197
2026-04-25 05:05:58.937886,0.381,0.38376927
2026-04-25 05:06:08.937886,0.3757,0.38646284
2026-04-25 05:06:18.937886,0.3691,0.37993377
2026-04-25 05:06:28.937886,0.3595,0.37596327
2026-04-25 05:06:38.937886,0.3539,0.3732163
2026-04-25 05:06:48.937886,0.3542,0.36524937
2026-04-25 05:06:58.937886,0.3535,0.35952908
2026-04-25 05:07:08.937886,0.3499,0.3547593
2026-04-25 05:07:18.937886,0.2167,0.3475593
2026-04-25 05:07:28.937886,0.2224,0.34167415
2026-04-25 05:07:38.937886,0.2389,0.33950213
2026-04-25 05:07:48.937886,0.2504,0.3403304
2026-04-25 05:07:58.937886,0.2611,0.3407078
2026-04-25 05:08:08.937886,0.2743,0.21843806
2026-04-25 05:08:18.937886,0.289,0.2144401
2026-04-25 05:08:28.937886,0.2872,0.231793
2026-04-25 05:08:38.937886,0.289,0.251343
2026-04-25 05:08:48.937886,0.2943,0.2703138
2026-04-25 05:08:58.937886,0.2939,0.2795263
2026-04-25 05:09:08.937886,0.2963,0.29315406
2026-04-25 05:09:18.937886,0.2969,0.29206106
2026-04-25 05:09:28.937886,0.2993,0.28696537
2026-04-25 05:09:38.937886,0.2994,0.285738
2026-04-25 05:09:48.937886,0.2997,0.28572544
2026-04-25 05:09:58.937886,0.3036,0.29502952
2026-04-25 05:10:08.937886,0.3143,0.2931991
2026-04-25 05:10:18.937886,0.3282,0.29732245
2026-04-25 05:10:28.937886,0.3385,0.3017857
2026-04-25 05:10:38.937886,0.351,0.30493793
2026-04-25 05:10:48.937886,0.3597,0.30534416
2026-04-25 05:10:58.937886,0.3672,0.31605038
2026-04-25 05:11:08.937886,0.3766,0.33252853
2026-04-25 05:11:18.937886,0.3811,0.34489894
2026-04-25 05:11:28.937886,0.3872,0.35382655
2026-04-25 05:11:38.937886,0.3879,0.359212
2026-04-25 05:11:48.937886,0.3933,0.36446768
2026-04-25 05:11:58.937886,0.3996,0.3723535
2026-04-25 05:12:08.937886,0.4019,0.37124017
2026-04-25 05:12:18.937886,0.4041,0.3736929
2026-04-25 05:12:28.937886,0.4055,0.37501982
2026-04-25 05:12:38.937886,0.4067,0.37953305
2026-04-25 05:12:48.937886,0.4095,0.3861029
2026-04-25 05:12:58.937886,0.4118,0.3866532
2026-04-25 05:13:08.937886,0.4131,0.3867521
2026-04-25 05:13:18.937886,0.4149,0.3873609
2026-04-25 05:13:28.937886,0.4042,0.38502067
2026-04-25 05:13:38.937886,0.3912,0.38946483
2026-04-25 05:13:48.937886,0.3793,0.39458275
2026-04-25 05:13:58.937886,0.3695,0.39693445
2026-04-25 05:14:08.937886,0.3577,0.39864185
2026-04-25 05:14:18.937886,0.3681,0.3894117
2026-04-25 05:14:28.937886,0.3753,0.37580785
2026-04-25 05:14:38.937886,0.3816,0.3643128
2026-04-25 05:14:48.937886,0.3856,0.3560436
2026-04-25 05:14:58.937886,0.3919,0.34675208
2026-04-25 05:15:08.937886,0.3815,0.3556227
2026-04-25 05:15:18.937886,0.3726,0.36684602
2026-04-25 05:15:28.937886,0.3618,0.37419116
2026-04-25 05:15:38.937886,0.3566,0.37806726
2026-04-25 05:15:48.937886,0.3499,0.3827215
2026-04-25 05:15:58.937886,0.3619,0.3767194
2026-04-25 05:16:08.937886,0.3693,0.36150047
2026-04-25 05:16:18.937886,0.3746,0.35255027
2026-04-25 05:16:28.937886,0.3872,0.34586176
2026-04-25 05:16:38.937886,0.3935,0.34209612
2026-04-25 05:16:48.937886,0.3982,0.35510913
2026-04-25 05:16:58.937886,0.4038,0.36303663
2026-04-25 05:17:08.937886,0.4043,0.36748776
2026-04-25 05:17:18.937886,0.4046,0.3812799
2026-04-25 05:17:28.937886,0.4065,0.38546592
2026-04-25 05:17:38.937886,0.4118,0.38706067
2026-04-25 05:17:48.937886,0.4136,0.3967672
2026-04-25 05:17:58.937886,0.4097,0.39561373
2026-04-25 05:18:08.937886,0.4119,0.39460248
2026-04-25 05:18:18.937886,0.4124,0.3940337
2026-04-25 05:18:28.937886,0.4011,0.4002655
2026-04-25 05:18:38.937886,0.3853,0.40498525
2026-04-25 05:18:48.937886,0.3727,0.39924586
2026-04-25 05:18:58.937886,0.3615,0.4002807
2026-04-25 05:19:08.937886,0.3504,0.4025399
2026-04-25 05:19:18.937886,0.3631,0.3908782
2026-04-25 05:19:28.937886,0.3721,0.3721044
2026-04-25 05:19:38.937886,0.3828,0.35972577
2026-04-25 05:19:48.937886,0.3922,0.34832102
2026-04-25 05:19:58.937886,0.4024,0.338586
2026-04-25 05:20:08.937886,0.4013,0.35298625
2026-04-25 05:20:18.937886,0.406,0.36460364
2026-04-25 05:20:28.937886,0.4085,0.3781538
2026-04-25 05:20:38.937886,0.412,0.3896589
2026-04-25 05:20:48.937886,0.4142,0.39714825
2026-04-25 05:20:58.937886,0.4166,0.39156744
2026-04-25 05:21:08.937886,0.4206,0.39436388
2026-04-25 05:21:18.937886,0.4246,0.3949336
2026-04-25 05:21:28.937886,0.4279,0.3963511
2026-04-25 05:21:38.937886,0.4268,0.3994679
2026-04-25 05:21:48.937886,0.4147,0.40223593
2026-04-25 05:21:58.937886,0.4059,0.4045591
2026-04-25 05:22:08.937886,0.3915,0.40788385
2026-04-25 05:22:18.937886,0.3836,0.40970343
2026-04-25 05:22:28.937886,0.3725,0.40663302
2026-04-25 05:22:38.937886,0.3664,0.39504507
2026-04-25 05:22:48.937886,0.359,0.38481352
2026-04-25 05:22:58.937886,0.3554,0.37193042
2026-04-25 05:23:08.937886,0.3494,0.36479634
2026-04-25 05:23:18.937886,0.3431,0.35866842
2026-04-25 05:23:28.937886,0.3405,0.35416254
2026-04-25 05:23:38.937886,0.3374,0.34700873
2026-04-25 05:23:48.937886,0.3374,0.34361562
2026-04-25 05:23:58.937886,0.3362,0.3395924
2026-04-25 05:24:08.937886,0.335,0.33180436
2026-04-25 05:24:18.937886,0.3347,0.33225316
2026-04-25 05:24:28.937886,0.3373,0.33101094
2026-04-25 05:24:38.937886,0.3398,0.332768
2026-04-25 05:24:48.937886,0.3376,0.33293957
2026-04-25 05:24:58.937886,0.3392,0.3287893
2026-04-25 05:25:08.937886,0.3454,0.32940117
2026-04-25 05:25:18.937886,0.3549,0.33185676
2026-04-25 05:25:28.937886,0.3648,0.33632773
2026-04-25 05:25:38.937886,0.3763,0.33449754
2026-04-25 05:25:48.937886,0.3849,0.33382785
2026-04-25 05:25:58.937886,0.3758,0.34073728
2026-04-25 05:26:08.937886,0.3696,0.35266072
2026-04-25 05:26:18.937886,0.3595,0.3591227
2026-04-25 05:26:28.937886,0.3532,0.3695061
2026-04-25 05:26:38.937886,0.3459,0.37790683
2026-04-25 05:26:48.937886,0.3412,0.36907914
2026-04-25 05:26:58.937886,0.3344,0.3614381
2026-04-25 05:27:08.937886,0.3317,0.35184288
2026-04-25 05:27:18.937886,0.327,0.34388083
2026-04-25 05:27:28.937886,0.324,0.33649805
2026-04-25 05:27:38.937886,0.3288,0.32937637
2026-04-25 05:27:48.937886,0.3308,0.32779622
2026-04-25 05:27:58.937886,0.3342,0.32668087
2026-04-25 05:28:08.937886,0.3385,0.324758
2026-04-25 05:28:18.937886,0.3444,0.3226793
2026-04-25 05:28:28.937886,0.3372,0.32854465
2026-04-25 05:28:38.937886,0.3236,0.33211967
2026-04-25 05:28:48.937886,0.3143,0.33620608
2026-04-25 05:28:58.937886,0.3055,0.34046143
2026-04-25 05:29:08.937886,0.296,0.34377432
2026-04-25 05:29:18.937886,0.2982,0.33697733
2026-04-25 05:29:28.937886,0.2971,0.32364303
2026-04-25 05:29:38.937886,0.2992,0.3113096
2026-04-25 05:29:48.937886,0.3034,0.30218267
2026-04-25 05:29:58.937886,0.3068,0.29729086
2026-04-25 05:30:08.937886,0.3111,0.2972958
2026-04-25 05:30:18.937886,0.3176,0.2988373
2026-04-25 05:30:28.937886,0.3235,0.30154103
2026-04-25 05:30:38.937886,0.327,0.30572253
2026-04-25 05:30:48.937886,0.3309,0.3090959
2026-04-25 05:30:58.937886,0.3348,0.3116541
2026-04-25 05:31:08.937886,0.3395,0.3178705
2026-04-25 05:31:18.937886,0.3436,0.31899878
2026-04-25 05:31:28.937886,0.3455,0.32170513
2026-04-25 05:31:38.937886,0.3484,0.32503855
2026-04-25 05:31:48.937886,0.3587,0.3272963
2026-04-25 05:31:58.937886,0.367,0.33201802
2026-04-25 05:32:08.937886,0.3757,0.33486283
2026-04-25 05:32:18.937886,0.3785,0.335856
2026-04-25 05:32:28.937886,0.3871,0.33901536
2026-04-25 05:32:38.937886,0.3827,0.3480036
2026-04-25 05:32:48.937886,0.3817,0.35749757
2026-04-25 05:32:58.937886,0.3774,0.36503112
2026-04-25 05:33:08.937886,0.3716,0.3679939
2026-04-25 05:33:18.937886,0.369,0.3784886
2026-04-25 05:33:28.937886,0.377,0.37790537
2026-04-25 05:33:38.937886,0.3878,0.37530094
2026-04-25 05:33:48.937886,0.3966,0.37213668
2026-04-25 05:33:58.937886,0.4047,0.36405006
2026-04-25 05:34:08.937886,0.4135,0.3618753
2026-04-25 05:34:18.937886,0.4129,0.36906272
2026-04-25 05:34:28.937886,0.4101,0.38173673
2026-04-25 05:34:38.937886,0.4094,0.39294472
2026-04-25 05:34:48.937886,0.4052,0.40127897
2026-04-25 05:34:58.937886,0.4032,0.40836942
2026-04-25 05:35:08.937886,0.4117,0.40577418
2026-04-25 05:35:18.937886,0.4192,0.4017793
2026-04-25 05:35:28.937886,0.4255,0.3978434
2026-04-25 05:35:38.937886,0.4333,0.39039072
2026-04-25 05:35:48.937886,0.439,0.39099848
2026-04-25 05:35:58.937886,0.4279,0.40238225
2026-04-25 05:36:08.937886,0.4222,0.40883178
2026-04-25 05:36:18.937886,0.412,0.4168286
2026-04-25 05:36:28.937886,0.4027,0.42395237
2026-04-25 05:36:38.937886,0.3935,0.42765647
2026-04-25 05:36:48.937886,0.3901,0.41788518
2026-04-25 05:36:58.937886,0.3828,0.41235912
2026-04-25 05:37:08.937886,0.3782,0.39991522
2026-04-25 05:37:18.937886,0.374,0.39112306
2026-04-25 05:37:28.937886,0.3701,0.3836509
2026-04-25 05:37:38.937886,0.3655,0.38142413
2026-04-25 05:37:48.937886,0.364,0.37394246
2026-04-25 05:37:58.937886,0.3586,0.37071764
2026-04-25 05:38:08.937886,0.3562,0.36802655
2026-04-25 05:38:18.937886,0.3509,0.36364567
2026-04-25 05:38:28.937886,0.3492,0.35842037
2026-04-25 05:38:38.937886,0.3477,0.35961816
2026-04-25 05:38:48.937886,0.3451,0.35456082
2026-04-25 05:38:58.937886,0.3384,0.35244414
2026-04-25 05:39:08.937886,0.332,0.34588104
2026-04-25 05:39:18.937886,0.337,0.34656584
2026-04-25 05:39:28.937886,0.3406,0.34494647
2026-04-25 05:39:38.937886,0.3479,0.3420983
2026-04-25 05:39:48.937886,0.3517,0.33581674
2026-04-25 05:39:58.937886,0.3554,0.33051735
2026-04-25 05:40:08.937886,0.3487,0.33627853
2026-04-25 05:40:18.937886,0.3412,0.3409427
2026-04-25 05:40:28.937886,0.335,0.35100567
2026-04-25 05:40:38.937886,0.3316,0.35399392
2026-04-25 05:40:48.937886,0.3233,0.3542742
2026-04-25 05:40:58.937886,0.3201,0.34799093
2026-04-25 05:41:08.937886,0.3208,0.33968052
2026-04-25 05:41:18.937886,0.3157,0.3332964
2026-04-25 05:41:28.937886,0.3129,0.33078578
2026-04-25 05:41:38.937886,0.3121,0.3238896
2026-04-25 05:41:48.937886,0.3107,0.31905764
2026-04-25 05:41:58.937886,0.3073,0.32207355
2026-04-25 05:42:08.937886,0.3101,0.31844413
2026-04-25 05:42:18.937886,0.3104,0.31533632
2026-04-25 05:42:28.937886,0.3084,0.31626394
2026-04-25 05:42:38.937886,0.3128,0.3148362
2026-04-25 05:42:48.937886,0.3199,0.3110392
2026-04-25 05:42:58.937886,0.3196,0.31428665
2026-04-25 05:43:08.937886,0.3281,0.31327122
2026-04-25 05:43:18.937886,0.3315,0.31251147
2026-04-25 05:43:28.937886,0.3247,0.3159209
2026-04-25 05:43:38.937886,0.3198,0.32136965
2026-04-25 05:43:48.937886,0.3126,0.3218523
2026-04-25 05:43:58.937886,0.3037,0.32924733
2026-04-25 05:44:08.937886,0.2959,0.33137968
2026-04-25 05:44:18.937886,0.291,0.32459605
2026-04-25 05:44:28.937886,0.2839,0.32118183
2026-04-25 05:44:38.937886,0.2796,0.31305087
2026-04-25 05:44:48.937886,0.2763,0.30591923
2026-04-25 05:44:58.937886,0.2734,0.30007488
2026-04-25 05:45:08.937886,0.2663,0.2953043
2026-04-25 05:45:18.937886,0.2622,0.2897254
2026-04-25 05:45:28.937886,0.2559,0.28804195
2026-04-25 05:45:38.937886,0.25,0.28592488
2026-04-25 05:45:48.937886,0.2417,0.28551322
2026-04-25 05:45:58.937886,0.2503,0.28058064
2026-04-25 05:46:08.937886,0.2562,0.2735975
2026-04-25 05:46:18.937886,0.2632,0.26820496
2026-04-25 05:46:28.937886,0.2707,0.26103067
2026-04-25 05:46:38.937886,0.2798,0.2528159
2026-04-25 05:46:48.937886,0.2769,0.26127416
2026-04-25 05:46:58.937886,0.2711,0.26872212
2026-04-25 05:47:08.937886,0.2685,0.2744338
2026-04-25 05:47:18.937886,0.2672,0.28123382
2026-04-25 05:47:28.937886,0.2676,0.28615427
2026-04-25 05:47:38.937886,0.2609,0.28084603
2026-04-25 05:47:48.937886,0.2585,0.2741875
2026-04-25 05:47:58.937886,0.2526,0.27239686
2026-04-25 05:48:08.937886,0.2477,0.2699528
2026-04-25 05:48:18.937886,0.2412,0.26775366
2026-04-25 05:48:28.937886,0.2486,0.26226038
2026-04-25 05:48:38.937886,0.2553,0.25999457
2026-04-25 05:48:48.937886,0.2579,0.25830632
2026-04-25 05:48:58.937886,0.2642,0.2547143
2026-04-25 05:49:08.937886,0.2674,0.24951984
2026-04-25 05:49:18.937886,0.2672,0.2580421
2026-04-25 05:49:28.937886,0.2672,0.2648363
2026-04-25 05:49:38.937886,0.2642,0.26710016
2026-04-25 05:49:48.937886,0.2641,0.2723004
2026-04-25 05:49:58.937886,0.2643,0.27535546
2026-04-25 05:50:08.937886,0.2687,0.27102455
2026-04-25 05:50:18.937886,0.2754,0.2707274
2026-04-25 05:50:28.937886,0.2768,0.26421785
2026-04-25 05:50:38.937886,0.282,0.26569778
2026-04-25 05:50:48.937886,0.2867,0.26621336
2026-04-25 05:50:58.937886,0.2828,0.2720718
2026-04-25 05:51:08.937886,0.2782,0.27582067
2026-04-25 05:51:18.937886,0.276,0.28017855
2026-04-25 05:51:28.937886,0.2738,0.2860989
2026-04-25 05:51:38.937886,0.2693,0.28891045
2026-04-25 05:51:48.937886,0.2807,0.2835551
2026-04-25 05:51:58.937886,0.2899,0.2798655
2026-04-25 05:52:08.937886,0.2988,0.2770207
2026-04-25 05:52:18.937886,0.3063,0.27454457
2026-04-25 05:52:28.937886,0.3159,0.2737956
2026-04-25 05:52:38.937886,0.3128,0.28656992
2026-04-25 05:52:48.937886,0.3051,0.2967259
2026-04-25 05:52:58.937886,0.301,0.30294263
2026-04-25 05:53:08.937886,0.2975,0.31115246
2026-04-25 05:53:18.937886,0.2931,0.3191098
2026-04-25 05:53:28.937886,0.2858,0.31527293
2026-04-25 05:53:38.937886,0.2734,0.30639255
2026-04-25 05:53:48.937886,0.267,0.30056745
2026-04-25 05:53:58.937886,0.2568,0.29963654
2026-04-25 05:54:08.937886,0.2518,0.2987529
2026-04-25 05:54:18.937886,0.2467,0.28978357
2026-04-25 05:54:28.937886,0.2408,0.2782501
2026-04-25 05:54:38.937886,0.2376,0.27336556
2026-04-25 05:54:48.937886,0.2364,0.266491
2026-04-25 05:54:58.937886,0.2303,0.26109627
2026-04-25 05:55:08.937886,0.2407,0.25702178
2026-04-25 05:55:18.937886,0.2547,0.25149167
2026-04-25 05:55:28.937886,0.2679,0.24916536
2026-04-25 05:55:38.937886,0.2787,0.2460159
2026-04-25 05:55:48.937886,0.2899,0.24345395
2026-04-25 05:55:58.937886,0.292,0.25362095
2026-04-25 05:56:08.937886,0.2945,0.265676
2026-04-25 05:56:18.937886,0.296,0.27777696
2026-04-25 05:56:28.937886,0.3006,0.28858557
2026-04-25 05:56:38.937886,0.2991,0.2977304
2026-04-25 05:56:48.937886,0.0,0.29645595
2026-04-25 05:56:58.937886,0.0023,0.29530913
2026-04-25 05:57:08.937886,0.004,0.29586792
2026-04-25 05:57:18.937886,0.0088,0.29965955
2026-04-25 05:57:28.937886,0.0139,0.29773757
2026-04-25 05:57:38.937886,0.0185,0.060775787
2026-04-25 05:57:48.937886,0.0211,0.053480566
2026-04-25 05:57:58.937886,0.0269,0.059213907
2026-04-25 05:58:08.937886,0.0284,0.07123548
2026-04-25 05:58:18.937886,0.0315,0.08714414
2026-04-25 05:58:28.937886,0.0311,0.08395979
2026-04-25 05:58:38.937886,0.0281,0.07965702
2026-04-25 05:58:48.937886,0.0329,0.08602756
2026-04-25 05:58:58.937886,0.0323,0.083807886
2026-04-25 05:59:08.937886,0.0334,0.07654536
2026-04-25 05:59:18.937886,0.0433,0.08192015
2026-04-25 05:59:28.937886,0.057,0.08202165
2026-04-25 05:59:38.937886,0.0708,0.08048287
2026-04-25 05:59:48.937886,0.0839,0.07500389
2026-04-25 05:59:58.937886,0.0987,0.0817883
2026-04-25 06:00:08.937886,0.0997,0.0932233
2026-04-25 06:00:18.937886,0.1018,0.10083413
2026-04-25 06:00:28.937886,0.1054,0.11744514
2026-04-25 06:00:38.937886,0.1056,0.12680295
2026-04-25 06:00:48.937886,0.1075,0.13902216
2026-04-25 06:00:58.937886,0.1138,0.13827842
2026-04-25 06:01:08.937886,0.1198,0.13301516
2026-04-25 06:01:18.937886,0.1217,0.13752265
2026-04-25 06:01:28.937886,0.1246,0.14001693
2026-04-25 06:01:38.937886,0.1322,0.13973121
2026-04-25 06:01:48.937886,0.1403,0.14802267
2026-04-25 06:01:58.937886,0.1528,0.15334065
2026-04-25 06:02:08.937886,0.1596,0.15470386
2026-04-25 06:02:18.937886,0.1699,0.157509
2026-04-25 06:02:28.937886,0.1784,0.1611675
2026-04-25 06:02:38.937886,0.1926,0.16770722
2026-04-25 06:02:48.937886,0.2063,0.17604804
2026-04-25 06:02:58.937886,0.2187,0.18067345
2026-04-25 06:03:08.937886,0.2339,0.1881469
2026-04-25 06:03:18.937886,0.2465,0.19775729
2026-04-25 06:03:28.937886,0.2585,0.21044011
2026-04-25 06:03:38.937886,0.2727,0.22097573
2026-04-25 06:03:48.937886,0.283,0.2326815
2026-04-25 06:03:58.937886,0.2897,0.24765709
2026-04-25 06:04:08.937886,0.2966,0.25839227
2026-04-25 06:04:18.937886,0.3053,0.27145112
2026-04-25 06:04:28.937886,0.3146,0.2852286
2026-04-25 06:04:38.937886,0.3231,0.29618567
2026-04-25 06:04:48.937886,0.334,0.30079624
2026-04-25 06:04:58.937886,0.3412,0.30506107
2026-04-25 06:05:08.937886,0.3509,0.31092897
2026-04-25 06:05:18.937886,0.3564,0.3184355
2026-04-25 06:05:28.937886,0.364,0.32606518
2026-04-25 06:05:38.937886,0.3712,0.33399653
2026-04-25 06:05:48.937886,0.3762,0.34109655
2026-04-25 06:05:58.937886,0.3782,0.35105017
2026-04-25 06:06:08.937886,0.3775,0.3575457
2026-04-25 06:06:18.937886,0.3796,0.36221108
2026-04-25 06:06:28.937886,0.3842,0.36920264
2026-04-25 06:06:38.937886,0.3877,0.37292975
2026-04-25 06:06:48.937886,0.3775,0.3760817
2026-04-25 06:06:58.937886,0.3671,0.37267047
2026-04-25 06:07:08.937886,0.3568,0.3746528
2026-04-25 06:07:18.937886,0.3481,0.38134736
2026-04-25 06:07:28.937886,0.3384,0.38467708
2026-04-25 06:07:38.937886,0.3318,0.37535468
2026-04-25 06:07:48.937886,0.3214,0.3627672
2026-04-25 06:07:58.937886,0.3164,0.35345635
2026-04-25 06:08:08.937886,0.3122,0.34669304
2026-04-25 06:08:18.937886,0.3048,0.33786872
2026-04-25 06:08:28.937886,0.2939,0.3316175
2026-04-25 06:08:38.937886,0.286,0.32289246
2026-04-25 06:08:48.937886,0.2786,0.3158632
2026-04-25 06:08:58.937886,0.2708,0.31128198
2026-04-25 06:09:08.937886,0.2657,0.30258185
2026-04-25 06:09:18.937886,0.2711,0.29405966
2026-04-25 06:09:28.937886,0.2749,0.2876556
2026-04-25 06:09:38.937886,0.2825,0.28150278
2026-04-25 06:09:48.937886,0.2923,0.27465928
2026-04-25 06:09:58.937886,0.2971,0.27302152
2026-04-25 06:10:08.937886,0.295,0.27989638
2026-04-25 06:10:18.937886,0.298,0.28435996
2026-04-25 06:10:28.937886,0.3019,0.2898482
2026-04-25 06:10:38.937886,0.3038,0.29866886
2026-04-25 06:10:48.937886,0.3054,0.30310297
2026-04-25 06:10:58.937886,0.2998,0.30159137
2026-04-25 06:11:08.937886,0.2962,0.302211
2026-04-25 06:11:18.937886,0.2926,0.3042261
2026-04-25 06:11:28.937886,0.2885,0.30518657
2026-04-25 06:11:38.937886,0.283,0.30660647
2026-04-25 06:11:48.937886,0.2839,0.3014233
2026-04-25 06:11:58.937886,0.2827,0.2984002
2026-04-25 06:12:08.937886,0.2853,0.29651532
2026-04-25 06:12:18.937886,0.2871,0.29379112
2026-04-25 06:12:28.937886,0.2894,0.2902841
2026-04-25 06:12:38.937886,0.2891,0.2902128
2026-04-25 06:12:48.937886,0.2898,0.29026437
2026-04-25 06:12:58.937886,0.289,0.29207918
2026-04-25 06:13:08.937886,0.2903,0.29422614
2026-04-25 06:13:18.937886,0.2913,0.29567057
2026-04-25 06:13:28.937886,0.2971,0.29469717
2026-04-25 06:13:38.937886,0.304,0.29333737
2026-04-25 06:13:48.937886,0.3094,0.29213846
2026-04-25 06:13:58.937886,0.3149,0.29570672
2026-04-25 06:14:08.937886,0.3195,0.29867697
2026-04-25 06:14:18.937886,0.3305,0.30248588
2026-04-25 06:14:28.937886,0.3416,0.30813965
2026-04-25 06:14:38.937886,0.3502,0.31323153
2026-04-25 06:14:48.937886,0.3579,0.3176021
2026-04-25 06:14:58.937886,0.3615,0.3237701
2026-04-25 06:15:08.937886,0.3692,0.33402944
2026-04-25 06:15:18.937886,0.3775,0.34561715
2026-04-25 06:15:28.937886,0.3852,0.35263565
2026-04-25 06:15:38.937886,0.3904,0.3587245
2026-04-25 06:15:48.937886,0.3964,0.35825127
2026-04-25 06:15:58.937886,0.3983,0.36497673
2026-04-25 06:16:08.937886,0.406,0.37419412
2026-04-25 06:16:18.937886,0.4089,0.38004524
2026-04-25 06:16:28.937886,0.4073,0.38368276
2026-04-25 06:16:38.937886,0.4088,0.39035484
2026-04-25 06:16:48.937886,0.4088,0.39123413
2026-04-25 06:16:58.937886,0.4055,0.3960832
2026-04-25 06:17:08.937886,0.4033,0.39722124
2026-04-25 06:17:18.937886,0.4045,0.394626
2026-04-25 06:17:28.937886,0.4012,0.39885932
2026-04-25 06:17:38.937886,0.4046,0.39781982
2026-04-25 06:17:48.937886,0.4148,0.39512545
2026-04-25 06:17:58.937886,0.2118,0.39177963
2026-04-25 06:18:08.937886,0.2271,0.38932085
2026-04-25 06:18:18.937886,0.2354,0.38774332
2026-04-25 06:18:28.937886,0.2436,0.39329168
2026-04-25 06:18:38.937886,0.2521,0.40547892
2026-04-25 06:18:48.937886,0.2545,0.22443886
2026-04-25 06:18:58.937886,0.2617,0.22495979
2026-04-25 06:19:08.937886,0.2682,0.23945542
2026-04-25 06:19:18.937886,0.2636,0.25571668
2026-04-25 06:19:28.937886,0.2557,0.27308476
2026-04-25 06:19:38.937886,0.2525,0.2678242
2026-04-25 06:19:48.937886,0.2465,0.27552584
2026-04-25 06:19:58.937886,0.2393,0.28248328
2026-04-25 06:20:08.937886,0.2542,0.27449661
2026-04-25 06:20:18.937886,0.2658,0.26046595
2026-04-25 06:20:28.937886,0.2758,0.26069543
2026-04-25 06:20:38.937886,0.2912,0.2617743
2026-04-25 06:20:48.937886,0.3011,0.25091475
2026-04-25 06:20:58.937886,0.3109,0.2616375
2026-04-25 06:21:08.937886,0.3181,0.27857253
2026-04-25 06:21:18.937886,0.325,0.2910837
2026-04-25 06:21:28.937886,0.3348,0.30204007
2026-04-25 06:21:38.937886,0.3421,0.3116967
2026-04-25 06:21:48.937886,0.3509,0.31871194
2026-04-25 06:21:58.937886,0.3589,0.32705322
2026-04-25 06:22:08.937886,0.3697,0.33329472
2026-04-25 06:22:18.937886,0.3834,0.3367021
2026-04-25 06:22:28.937886,0.3914,0.3481298
2026-04-25 06:22:38.937886,0.3892,0.35429403
2026-04-25 06:22:48.937886,0.389,0.35800323
2026-04-25 06:22:58.937886,0.388,0.36714968
2026-04-25 06:23:08.937886,0.3901,0.37925375
2026-04-25 06:23:18.937886,0.3885,0.3867544
2026-04-25 06:23:28.937886,0.3941,0.383683
2026-04-25 06:23:38.937886,0.3964,0.37888712
2026-04-25 06:23:48.937886,0.4037,0.3783706
2026-04-25 06:23:58.937886,0.4054,0.38061172
2026-04-25 06:24:08.937886,0.4127,0.3765117
2026-04-25 06:24:18.937886,0.4193,0.3838675
2026-04-25 06:24:28.937886,0.424,0.38782
2026-04-25 06:24:38.937886,0.4267,0.39458975
2026-04-25 06:24:48.937886,0.4271,0.39713192
2026-04-25 06:24:58.937886,0.4282,0.40207428
2026-04-25 06:25:08.937886,0.4331,0.41169345
2026-04-25 06:25:18.937886,0.4292,0.41596803
2026-04-25 06:25:28.937886,0.4306,0.4203379
2026-04-25 06:25:38.937886,0.4289,0.4180765
2026-04-25 06:25:48.937886,0.4305,0.41971266
2026-04-25 06:25:58.937886,0.4314,0.42331618
2026-04-25 06:26:08.937886,0.4266,0.41812378
2026-04-25 06:26:18.937886,0.4257,0.4184217
2026-04-25 06:26:28.937886,0.4258,0.41843638
2026-04-25 06:26:38.937886,0.4234,0.41880774
2026-04-25 06:26:48.937886,0.413,0.41756096
2026-04-25 06:26:58.937886,0.407,0.41310656
2026-04-25 06:27:08.937886,0.3989,0.4121912
2026-04-25 06:27:18.937886,0.3917,0.41349474
2026-04-25 06:27:28.937886,0.3808,0.4127186
2026-04-25 06:27:38.937886,0.3755,0.40158853
2026-04-25 06:27:48.937886,0.3712,0.39437488
2026-04-25 06:27:58.937886,0.3661,0.3857357
2026-04-25 06:28:08.937886,0.3569,0.380758
2026-04-25 06:28:18.937886,0.3549,0.36977142
2026-04-25 06:28:28.937886,0.362,0.36628562
2026-04-25 06:28:38.937886,0.3712,0.3640954
2026-04-25 06:28:48.937886,0.3748,0.36206236
2026-04-25 06:28:58.937886,0.3774,0.35121983
2026-04-25 06:29:08.937886,0.3827,0.3491598
2026-04-25 06:29:18.937886,0.753,0.35567728
2026-04-25 06:29:28.937886,0.7503,0.36647928
2026-04-25 06:29:38.937886,0.7493,0.37084275
2026-04-25 06:29:48.937886,0.75,0.3722893
2026-04-25 06:29:58.937886,0.7458,0.37728608
2026-04-25 06:30:08.937886,0.7375,0.672114
2026-04-25 06:30:18.937886,0.7344,0.68658304
2026-04-25 06:30:28.937886,0.7273,0.67153865
2026-04-25 06:30:38.937886,0.7246,0.6652862
2026-04-25 06:30:48.937886,0.7187,0.66166925
2026-04-25 06:30:58.937886,0.7121,0.65540373
2026-04-25 06:31:08.937886,0.71,0.64887226
2026-04-25 06:31:18.937886,0.7076,0.6371072
2026-04-25 06:31:28.937886,0.7045,0.64267236
2026-04-25 06:31:38.937886,0.7021,0.6376374
2026-04-25 06:31:48.937886,0.6858,0.6335006
2026-04-25 06:31:58.937886,0.6731,0.6331173
2026-04-25 06:32:08.937886,0.6608,0.64486474
2026-04-25 06:32:18.937886,0.6496,0.6391705
2026-04-25 06:32:28.937886,0.6377,0.6402055
2026-04-25 06:32:38.937886,0.6262,0.6269263
2026-04-25 06:32:48.937886,0.6118,0.62350464
2026-04-25 06:32:58.937886,0.6015,0.6093193
2026-04-25 06:33:08.937886,0.5918,0.6017544
2026-04-25 06:33:18.937886,0.579,0.59404457
2026-04-25 06:33:28.937886,0.5668,0.5855094
2026-04-25 06:33:38.937886,0.5574,0.5727205
2026-04-25 06:33:48.937886,0.545,0.5630514
2026-04-25 06:33:58.937886,0.5297,0.5588725
2026-04-25 06:34:08.937886,0.517,0.5512721
2026-04-25 06:34:18.937886,0.5209,0.53731465
2026-04-25 06:34:28.937886,0.5241,0.52740806
2026-04-25 06:34:38.937886,0.5305,0.5165233
2026-04-25 06:34:48.937886,0.5344,0.50216806
2026-04-25 06:34:58.937886,0.5397,0.49260563
2026-04-25 06:35:08.937886,0.5339,0.49470013
2026-04-25 06:35:18.937886,0.5229,0.5005777
2026-04-25 06:35:28.937886,0.5115,0.50982046
2026-04-25 06:35:38.937886,0.5028,0.5095483
2026-04-25 06:35:48.937886,0.4942,0.5124578
2026-04-25 06:35:58.937886,0.5005,0.50658566
2026-04-25 06:36:08.937886,0.5072,0.49766526
2026-04-25 06:36:18.937886,0.5064,0.48634875
2026-04-25 06:36:28.937886,0.5096,0.48026925
2026-04-25 06:36:38.937886,0.5126,0.47112298
2026-04-25 06:36:48.937886,0.5044,0.4746176
2026-04-25 06:36:58.937886,0.4951,0.4803363
2026-04-25 06:37:08.937886,0.4896,0.4819309
2026-04-25 06:37:18.937886,0.4786,0.48665595
2026-04-25 06:37:28.937886,0.4727,0.48841047
2026-04-25 06:37:38.937886,0.4804,0.4804111
2026-04-25 06:37:48.937886,0.4815,0.47297442
2026-04-25 06:37:58.937886,0.4821,0.46504453
2026-04-25 06:38:08.937886,0.487,0.45419794
2026-04-25 06:38:18.937886,0.4918,0.446796
2026-04-25 06:38:28.937886,0.4912,0.45783842
2026-04-25 06:38:38.937886,0.492,0.45889384
2026-04-25 06:38:48.937886,0.4864,0.45930347
2026-04-25 06:38:58.937886,0.4861,0.46473774
2026-04-25 06:39:08.937886,0.4849,0.46798724
2026-04-25 06:39:18.937886,0.4916,0.46739042
2026-04-25 06:39:28.937886,0.4946,0.46853057
2026-04-25 06:39:38.937886,0.5018,0.4648641
2026-04-25 06:39:48.937886,0.5092,0.4634391
2026-04-25 06:39:58.937886,0.514,0.4613819
2026-04-25 06:40:08.937886,0.5158,0.4657529
2026-04-25 06:40:18.937886,0.5147,0.47108355
2026-04-25 06:40:28.937886,0.5163,0.48016965
2026-04-25 06:40:38.937886,0.5188,0.48592052
2026-04-25 06:40:48.937886,0.523,0.49128902
2026-04-25 06:40:58.937886,0.5207,0.49029905
2026-04-25 06:41:08.937886,0.5198,0.4902206
2026-04-25 06:41:18.937886,0.5159,0.4883691
2026-04-25 06:41:28.937886,0.5145,0.49022788
2026-04-25 06:41:38.937886,0.5153,0.49284416
2026-04-25 06:41:48.937886,0.5172,0.49362066
2026-04-25 06:41:58.937886,0.5213,0.49228537
2026-04-25 06:42:08.937886,0.5243,0.48587716
2026-04-25 06:42:18.937886,0.5276,0.4831154
2026-04-25 06:42:28.937886,0.5328,0.48515087
2026-04-25 06:42:38.937886,0.5295,0.48421523
2026-04-25 06:42:48.937886,0.5283,0.48793322
2026-04-25 06:42:58.937886,0.5244,0.49176908
2026-04-25 06:43:08.937886,0.5234,0.49599802
2026-04-25 06:43:18.937886,0.5188,0.5022625
2026-04-25 06:43:28.937886,0.5102,0.49674028
2026-04-25 06:43:38.937886,0.501,0.4969138
2026-04-25 06:43:48.937886,0.4922,0.49119443
2026-04-25 06:43:58.937886,0.4873,0.49105078
2026-04-25 06:44:08.937886,0.4772,0.48568055
2026-04-25 06:44:18.937886,0.4815,0.47723937
2026-04-25 06:44:28.937886,0.4886,0.4697333
2026-04-25 06:44:38.937886,0.4917,0.46214727
2026-04-25 06:44:48.937886,0.495,0.45991346
2026-04-25 06:44:58.937886,0.4935,0.44950077
2026-04-25 06:45:08.937886,0.4855,0.45522895
2026-04-25 06:45:18.937886,0.4742,0.46337825
2026-04-25 06:45:28.937886,0.4617,0.46984145
2026-04-25 06:45:38.937886,0.4527,0.47300792
2026-04-25 06:45:48.937886,0.4449,0.4703275
2026-04-25 06:45:58.937886,0.4449,0.46352464
2026-04-25 06:46:08.937886,0.446,0.45280543
2026-04-25 06:46:18.937886,0.4441,0.44153804
2026-04-25 06:46:28.937886,0.4447,0.4325552
2026-04-25 06:46:38.937886,0.4432,0.42438763
2026-04-25 06:46:48.937886,0.4417,0.42527404
2026-04-25 06:46:58.937886,0.4469,0.43080175
2026-04-25 06:47:08.937886,0.4525,0.4313451
2026-04-25 06:47:18.937886,0.4505,0.43145138
2026-04-25 06:47:28.937886,0.4534,0.42493394
2026-04-25 06:47:38.937886,0.4565,0.4230715
2026-04-25 06:47:48.937886,0.4609,0.42660695
2026-04-25 06:47:58.937886,0.4637,0.43131128
2026-04-25 06:48:08.937886,0.4712,0.43297586
2026-04-25 06:48:18.937886,0.4688,0.43861455
2026-04-25 06:48:28.937886,0.4604,0.43994188
2026-04-25 06:48:38.937886,0.4495,0.4435541
2026-04-25 06:48:48.937886,0.4466,0.44683906
2026-04-25 06:48:58.937886,0.4458,0.4507821
2026-04-25 06:49:08.937886,0.4409,0.44695163
2026-04-25 06:49:18.937886,0.4367,0.43989116
2026-04-25 06:49:28.937886,0.4303,0.42784035
2026-04-25 06:49:38.937886,0.4232,0.42528933
2026-04-25 06:49:48.937886,0.4162,0.42560568
2026-04-25 06:49:58.937886,0.4081,0.4243505
2026-04-25 06:50:08.937886,0.4169,0.41720924
2026-04-25 06:50:18.937886,0.4258,0.41087922
2026-04-25 06:50:28.937886,0.4337,0.40435645
2026-04-25 06:50:38.937886,0.4377,0.39803883
2026-04-25 06:50:48.937886,0.4433,0.39343378
2026-04-25 06:50:58.937886,0.4361,0.40270227
2026-04-25 06:51:08.937886,0.4294,0.41422048
2026-04-25 06:51:18.937886,0.4222,0.4233935
2026-04-25 06:51:28.937886,0.4128,0.42605248
2026-04-25 06:51:38.937886,0.4089,0.4328784
2026-04-25 06:51:48.937886,0.4137,0.42354873
2026-04-25 06:51:58.937886,0.4144,0.41737628
2026-04-25 06:52:08.937886,0.4192,0.40848133
2026-04-25 06:52:18.937886,0.4216,0.39956003
2026-04-25 06:52:28.937886,0.4231,0.39612553
2026-04-25 06:52:38.937886,0.4131,0.40254688
2026-04-25 06:52:48.937886,0.404,0.404255
2026-04-25 06:52:58.937886,0.3964,0.40899894
2026-04-25 06:53:08.937886,0.3866,0.41115975
