timestamp,actual,forecasted
2026-04-24 23:04:57.573627,0.1731,0.17031987
2026-04-24 23:04:58.573627,0.1735,0.17003892
2026-04-24 23:04:59.573627,0.1747,0.17006502
2026-04-24 23:05:00.573627,0.1759,0.1701066
2026-04-24 23:05:01.573627,0.1764,0.1692681
2026-04-24 23:05:02.573627,0.1761,0.17071149
2026-04-24 23:05:03.573627,0.1765,0.17130248
2026-04-24 23:05:04.573627,0.1761,0.17251791
2026-04-24 23:05:05.573627,0.1759,0.17416434
2026-04-24 23:05:06.573627,0.1756,0.17464064
2026-04-24 23:05:07.573627,0.176,0.173536
2026-04-24 23:05:08.573627,0.176,0.1736753
2026-04-24 23:05:09.573627,0.1767,0.1732222
2026-04-24 23:05:10.573627,0.1763,0.17329997
2026-04-24 23:05:11.573627,0.176,0.17282116
2026-04-24 23:05:12.573627,0.1744,0.17312028
2026-04-24 23:05:13.573627,0.1727,0.17228203
2026-04-24 23:05:14.573627,0.1709,0.17283203
2026-04-24 23:05:15.573627,0.1698,0.17220631
2026-04-24 23:05:16.573627,0.1687,0.17162691
2026-04-24 23:05:17.573627,0.1679,0.16956699
2026-04-24 23:05:18.573627,0.1669,0.16823947
2026-04-24 23:05:19.573627,0.1662,0.16673209
2026-04-24 23:05:20.573627,0.1655,0.16590087
2026-04-24 23:05:21.573627,0.1649,0.16488834
2026-04-24 23:05:22.573627,0.164,0.16417553
2026-04-24 23:05:23.573627,0.163,0.16343203
2026-04-24 23:05:24.573627,0.1622,0.1631097
2026-04-24 23:05:25.573627,0.1616,0.16223289
2026-04-24 23:05:26.573627,0.1604,0.16165811
2026-04-24 23:05:27.573627,0.1592,0.16060741
2026-04-24 23:05:28.573627,0.1578,0.15969497
2026-04-24 23:05:29.573627,0.1565,0.15898845
2026-04-24 23:05:30.573627,0.1557,0.15815006
2026-04-24 23:05:31.573627,0.154,0.15707457
2026-04-24 23:05:32.573627,0.1529,0.15626845
2026-04-24 23:05:33.573627,0.1517,0.15487477
2026-04-24 23:05:34.573627,0.1507,0.1539845
2026-04-24 23:05:35.573627,0.15,0.15332586
2026-04-24 23:05:36.573627,0.1497,0.15230994
2026-04-24 23:05:37.573627,0.1495,0.15130676
2026-04-24 23:05:38.573627,0.1491,0.15031594
2026-04-24 23:05:39.573627,0.1488,0.14958434
2026-04-24 23:05:40.573627,0.1486,0.14897217
2026-04-24 23:05:41.573627,0.1482,0.14846127
2026-04-24 23:05:42.573627,0.1493,0.14841264
2026-04-24 23:05:43.573627,0.1508,0.14783144
2026-04-24 23:05:44.573627,0.152,0.1481115
2026-04-24 23:05:45.573627,0.1525,0.14794679
2026-04-24 23:05:46.573627,0.1534,0.14773498
2026-04-24 23:05:47.573627,0.1537,0.14886287
2026-04-24 23:05:48.573627,0.1538,0.15070552
2026-04-24 23:05:49.573627,0.1539,0.1522775
2026-04-24 23:05:50.573627,0.1539,0.15261844
2026-04-24 23:05:51.573627,0.1538,0.15271254
2026-04-24 23:05:52.573627,0.1543,0.15299778
2026-04-24 23:05:53.573627,0.155,0.15323375
2026-04-24 23:05:54.573627,0.1551,0.1529331
2026-04-24 23:05:55.573627,0.1557,0.15284565
2026-04-24 23:05:56.573627,0.1565,0.1525718
2026-04-24 23:05:57.573627,0.1555,0.15337181
2026-04-24 23:05:58.573627,0.1554,0.15411639
2026-04-24 23:05:59.573627,0.1548,0.15372972
2026-04-24 23:06:00.573627,0.1544,0.15404409
2026-04-24 23:06:01.573627,0.1537,0.1546463
2026-04-24 23:06:02.573627,0.1548,0.15344733
2026-04-24 23:06:03.573627,0.1557,0.15307051
2026-04-24 23:06:04.573627,0.1565,0.15291868
2026-04-24 23:06:05.573627,0.1576,0.15277609
2026-04-24 23:06:06.573627,0.1588,0.15240459
2026-04-24 23:06:07.573627,0.1595,0.1531704
2026-04-24 23:06:08.573627,0.1596,0.15449056
2026-04-24 23:06:09.573627,0.1596,0.15552309
2026-04-24 23:06:10.573627,0.1596,0.15658918
2026-04-24 23:06:11.573627,0.1601,0.15765268
2026-04-24 23:06:12.573627,0.1601,0.15827876
2026-04-24 23:06:13.573627,0.1608,0.15839949
2026-04-24 23:06:14.573627,0.1609,0.15825166
2026-04-24 23:06:15.573627,0.1614,0.15781957
2026-04-24 23:06:16.573627,0.1622,0.15841874
2026-04-24 23:06:17.573627,0.1614,0.158283
2026-04-24 23:06:18.573627,0.1612,0.1592874
2026-04-24 23:06:19.573627,0.1614,0.15940209
2026-04-24 23:06:20.573627,0.161,0.15982077
2026-04-24 23:06:21.573627,0.1612,0.16021109
2026-04-24 23:06:22.573627,0.161,0.15898934
2026-04-24 23:06:23.573627,0.1603,0.15846644
2026-04-24 23:06:24.573627,0.1601,0.15880279
2026-04-24 23:06:25.573627,0.1598,0.15852222
2026-04-24 23:06:26.573627,0.1595,0.15859264
2026-04-24 23:06:27.573627,0.1592,0.15827455
2026-04-24 23:06:28.573627,0.1592,0.15754716
2026-04-24 23:06:29.573627,0.1592,0.15739451
2026-04-24 23:06:30.573627,0.1588,0.15719311
2026-04-24 23:06:31.573627,0.1589,0.15683955
2026-04-24 23:06:32.573627,0.1592,0.15682375
2026-04-24 23:06:33.573627,0.1595,0.15695067
2026-04-24 23:06:34.573627,0.1599,0.15712596
2026-04-24 23:06:35.573627,0.1602,0.15639177
2026-04-24 23:06:36.573627,0.1608,0.15649301
2026-04-24 23:06:37.573627,0.1615,0.15704873
2026-04-24 23:06:38.573627,0.1623,0.15729986
2026-04-24 23:06:39.573627,0.1631,0.15815914
2026-04-24 23:06:40.573627,0.1638,0.15832585
2026-04-24 23:06:41.573627,0.1649,0.15878879
2026-04-24 23:06:42.573627,0.1631,0.15935768
2026-04-24 23:06:43.573627,0.1614,0.16022801
2026-04-24 23:06:44.573627,0.1602,0.16089183
2026-04-24 23:06:45.573627,0.1585,0.16196726
2026-04-24 23:06:46.573627,0.1564,0.16322136
2026-04-24 23:06:47.573627,0.1568,0.1609616
2026-04-24 23:06:48.573627,0.1571,0.15940143
2026-04-24 23:06:49.573627,0.1576,0.15765595
2026-04-24 23:06:50.573627,0.1582,0.15557694
2026-04-24 23:06:51.573627,0.1582,0.15321487
2026-04-24 23:06:52.573627,0.1594,0.15404028
2026-04-24 23:06:53.573627,0.1607,0.15451394
2026-04-24 23:06:54.573627,0.1616,0.15513529
2026-04-24 23:06:55.573627,0.163,0.15598647
2026-04-24 23:06:56.573627,0.1637,0.15564623
2026-04-24 23:06:57.573627,0.1639,0.15682182
2026-04-24 23:06:58.573627,0.1638,0.1584005
2026-04-24 23:06:59.573627,0.1638,0.15940687
2026-04-24 23:07:00.573627,0.1639,0.16114825
2026-04-24 23:07:01.573627,0.1862,0.16190204
2026-04-24 23:07:02.573627,0.1839,0.16231054
2026-04-24 23:07:03.573627,0.1814,0.16174643
2026-04-24 23:07:04.573627,0.1797,0.1615985
2026-04-24 23:07:05.573627,0.1778,0.16185947
2026-04-24 23:07:06.573627,0.1761,0.18309909
2026-04-24 23:07:07.573627,0.176,0.18083888
2026-04-24 23:07:08.573627,0.1758,0.17684199
2026-04-24 23:07:09.573627,0.175,0.17489618
2026-04-24 23:07:10.573627,0.1753,0.17337488
2026-04-24 23:07:11.573627,0.1756,0.1715078
2026-04-24 23:07:12.573627,0.173,0.1720457
2026-04-24 23:07:13.573627,0.1713,0.17185895
2026-04-24 23:07:14.573627,0.1693,0.17124939
2026-04-24 23:07:15.573627,0.1676,0.17091386
2026-04-24 23:07:16.573627,0.1659,0.17135613
2026-04-24 23:07:17.573627,0.1651,0.16828093
2026-04-24 23:07:18.573627,0.1644,0.16600916
2026-04-24 23:07:19.573627,0.1639,0.16376749
2026-04-24 23:07:20.573627,0.1634,0.16242291
2026-04-24 23:07:21.573627,0.1629,0.16070445
2026-04-24 23:07:22.573627,0.1641,0.16080004
2026-04-24 23:07:23.573627,0.1659,0.1606001
2026-04-24 23:07:24.573627,0.1669,0.1604509
2026-04-24 23:07:25.573627,0.1672,0.16025959
2026-04-24 23:07:26.573627,0.168,0.1601603
2026-04-24 23:07:27.573627,0.1671,0.16121343
2026-04-24 23:07:28.573627,0.1662,0.16361658
2026-04-24 23:07:29.573627,0.1653,0.16497432
2026-04-24 23:07:30.573627,0.1646,0.1653579
2026-04-24 23:07:31.573627,0.1645,0.16588956
2026-04-24 23:07:32.573627,0.1654,0.1653938
2026-04-24 23:07:33.573627,0.1657,0.16434929
2026-04-24 23:07:34.573627,0.1668,0.16296315
2026-04-24 23:07:35.573627,0.1678,0.16217129
2026-04-24 23:07:36.573627,0.1687,0.16231681
2026-04-24 23:07:37.573627,0.168,0.16314925
2026-04-24 23:07:38.573627,0.1672,0.16326597
2026-04-24 23:07:39.573627,0.1665,0.16391121
2026-04-24 23:07:40.573627,0.1662,0.1643626
2026-04-24 23:07:41.573627,0.1658,0.16561751
2026-04-24 23:07:42.573627,0.1639,0.16448839
2026-04-24 23:07:43.573627,0.1624,0.16324037
2026-04-24 23:07:44.573627,0.1612,0.16249909
2026-04-24 23:07:45.573627,0.1596,0.16226141
2026-04-24 23:07:46.573627,0.1583,0.16248076
2026-04-24 23:07:47.573627,0.1566,0.16085736
2026-04-24 23:07:48.573627,0.1548,0.15900643
2026-04-24 23:07:49.573627,0.1534,0.15789738
2026-04-24 23:07:50.573627,0.1521,0.15670891
2026-04-24 23:07:51.573627,0.1507,0.1556084
2026-04-24 23:07:52.573627,0.1503,0.15393662
2026-04-24 23:07:53.573627,0.1495,0.1520408
2026-04-24 23:07:54.573627,0.1478,0.15057644
2026-04-24 23:07:55.573627,0.1471,0.14961235
2026-04-24 23:07:56.573627,0.1466,0.14859968
2026-04-24 23:07:57.573627,0.146,0.14916961
2026-04-24 23:07:58.573627,0.1451,0.14874808
2026-04-24 23:07:59.573627,0.1439,0.1472576
2026-04-24 23:08:00.573627,0.1426,0.14682628
2026-04-24 23:08:01.573627,0.1419,0.14671488
2026-04-24 23:08:02.573627,0.1431,0.1464432
2026-04-24 23:08:03.573627,0.1443,0.14593424
2026-04-24 23:08:04.573627,0.1457,0.14487243
2026-04-24 23:08:05.573627,0.1471,0.14360107
2026-04-24 23:08:06.573627,0.1483,0.14289153
2026-04-24 23:08:07.573627,0.1481,0.14450113
2026-04-24 23:08:08.573627,0.1477,0.14634392
2026-04-24 23:08:09.573627,0.1473,0.14751467
2026-04-24 23:08:10.573627,0.1467,0.14849132
2026-04-24 23:08:11.573627,0.1464,0.14915673
2026-04-24 23:08:12.573627,0.1463,0.14869997
2026-04-24 23:08:13.573627,0.1462,0.14793953
2026-04-24 23:08:14.573627,0.1461,0.14731948
2026-04-24 23:08:15.573627,0.1458,0.14646551
2026-04-24 23:08:16.573627,0.1462,0.14605112
2026-04-24 23:08:17.573627,0.1475,0.14619489
2026-04-24 23:08:18.573627,0.1484,0.14668955
2026-04-24 23:08:19.573627,0.1497,0.14628923
2026-04-24 23:08:20.573627,0.1507,0.14633988
2026-04-24 23:08:21.573627,0.1512,0.14690566
2026-04-24 23:08:22.573627,0.1508,0.14857383
2026-04-24 23:08:23.573627,0.1508,0.14934029
2026-04-24 23:08:24.573627,0.1499,0.1508343
2026-04-24 23:08:25.573627,0.1491,0.15195006
2026-04-24 23:08:26.573627,0.1485,0.15214574
2026-04-24 23:08:27.573627,0.1469,0.15168412
2026-04-24 23:08:28.573627,0.1452,0.15155995
2026-04-24 23:08:29.573627,0.1437,0.15039487
2026-04-24 23:08:30.573627,0.1425,0.14917229
2026-04-24 23:08:31.573627,0.1017,0.14858475
2026-04-24 23:08:32.573627,0.1027,0.14702535
2026-04-24 23:08:33.573627,0.1034,0.14513466
2026-04-24 23:08:34.573627,0.1042,0.1432878
2026-04-24 23:08:35.573627,0.105,0.14215228
2026-04-24 23:08:36.573627,0.1062,0.10890171
2026-04-24 23:08:37.573627,0.1071,0.110229164
2026-04-24 23:08:38.573627,0.108,0.11234108
2026-04-24 23:08:39.573627,0.109,0.11301423
2026-04-24 23:08:40.573627,0.1098,0.11456868
2026-04-24 23:08:41.573627,0.11,0.11541984
2026-04-24 23:08:42.573627,0.1112,0.11516794
2026-04-24 23:08:43.573627,0.1121,0.11581816
2026-04-24 23:08:44.573627,0.113,0.115488574
2026-04-24 23:08:45.573627,0.1144,0.11622448
2026-04-24 23:08:46.573627,0.1159,0.11526656
2026-04-24 23:08:47.573627,0.1158,0.1166853
2026-04-24 23:08:48.573627,0.1158,0.11832827
2026-04-24 23:08:49.573627,0.116,0.11974935
2026-04-24 23:08:50.573627,0.116,0.12010254
2026-04-24 23:08:51.573627,0.1163,0.122289866
2026-04-24 23:08:52.573627,0.1192,0.12165958
2026-04-24 23:08:53.573627,0.1382,0.12178998
2026-04-24 23:08:54.573627,0.1398,0.12175296
2026-04-24 23:08:55.573627,0.1411,0.122077234
2026-04-24 23:08:56.573627,0.1424,0.12223062
2026-04-24 23:08:57.573627,0.1423,0.12474734
2026-04-24 23:08:58.573627,0.1425,0.14524299
2026-04-24 23:08:59.573627,0.1422,0.14753914
2026-04-24 23:09:00.573627,0.142,0.14595601
2026-04-24 23:09:01.573627,0.1415,0.14592123
2026-04-24 23:09:02.573627,0.1404,0.14444798
2026-04-24 23:09:03.573627,0.1393,0.14376117
2026-04-24 23:09:04.573627,0.1385,0.143529
2026-04-24 23:09:05.573627,0.1377,0.14294448
2026-04-24 23:09:06.573627,0.1359,0.14275683
2026-04-24 23:09:07.573627,0.1363,0.14165157
2026-04-24 23:09:08.573627,0.1371,0.14110166
2026-04-24 23:09:09.573627,0.1375,0.14045604
2026-04-24 23:09:10.573627,0.1382,0.1396684
2026-04-24 23:09:11.573627,0.1385,0.13763809
2026-04-24 23:09:12.573627,0.1391,0.13841459
2026-04-24 23:09:13.573627,0.1399,0.13947089
2026-04-24 23:09:14.573627,0.1407,0.14043699
2026-04-24 23:09:15.573627,0.141,0.14087595
2026-04-24 23:09:16.573627,0.1417,0.14101066
2026-04-24 23:09:17.573627,0.1433,0.14156489
2026-04-24 23:09:18.573627,0.1454,0.14204359
2026-04-24 23:09:19.573627,0.1471,0.14262791
2026-04-24 23:09:20.573627,0.1483,0.14290495
2026-04-24 23:09:21.573627,0.1498,0.14334491
2026-04-24 23:09:22.573627,0.1508,0.1450912
2026-04-24 23:09:23.573627,0.1515,0.14684485
2026-04-24 23:09:24.573627,0.1524,0.14823394
2026-04-24 23:09:25.573627,0.1532,0.14883693
2026-04-24 23:09:26.573627,0.1541,0.14995156
2026-04-24 23:09:27.573627,0.1534,0.15102738
2026-04-24 23:09:28.573627,0.1524,0.15160435
2026-04-24 23:09:29.573627,0.1518,0.15225816
2026-04-24 23:09:30.573627,0.1507,0.15329719
2026-04-24 23:09:31.573627,0.1507,0.15427083
2026-04-24 23:09:32.573627,0.1504,0.15348609
2026-04-24 23:09:33.573627,0.1495,0.15249316
2026-04-24 23:09:34.573627,0.1489,0.15229023
2026-04-24 23:09:35.573627,0.1479,0.1511506
2026-04-24 23:09:36.573627,0.1475,0.15101422
2026-04-24 23:09:37.573627,0.1481,0.1505591
2026-04-24 23:09:38.573627,0.1485,0.14952487
2026-04-24 23:09:39.573627,0.1482,0.14871533
2026-04-24 23:09:40.573627,0.1486,0.14770098
2026-04-24 23:09:41.573627,0.1488,0.14755842
2026-04-24 23:09:42.573627,0.1499,0.14834628
2026-04-24 23:09:43.573627,0.1515,0.14905857
2026-04-24 23:09:44.573627,0.1526,0.14865872
2026-04-24 23:09:45.573627,0.1532,0.14896382
2026-04-24 23:09:46.573627,0.1539,0.1492181
2026-04-24 23:09:47.573627,0.155,0.15032338
2026-04-24 23:09:48.573627,0.1555,0.15249436
2026-04-24 23:09:49.573627,0.1561,0.15350144
2026-04-24 23:09:50.573627,0.1566,0.15382196
2026-04-24 23:09:51.573627,0.1576,0.15405512
2026-04-24 23:09:52.573627,0.1579,0.15518375
2026-04-24 23:09:53.573627,0.1583,0.1556897
2026-04-24 23:09:54.573627,0.158,0.15590061
2026-04-24 23:09:55.573627,0.1581,0.15588537
2026-04-24 23:09:56.573627,0.1584,0.1566479
2026-04-24 23:09:57.573627,0.1586,0.15726633
2026-04-24 23:09:58.573627,0.1587,0.15781787
2026-04-24 23:09:59.573627,0.159,0.15742664
2026-04-24 23:10:00.573627,0.1586,0.15766898
2026-04-24 23:10:01.573627,0.1587,0.15778238
2026-04-24 23:10:02.573627,0.1589,0.15761465
2026-04-24 23:10:03.573627,0.1588,0.15738885
2026-04-24 23:10:04.573627,0.1585,0.15762208
2026-04-24 23:10:05.573627,0.1582,0.1573901
2026-04-24 23:10:06.573627,0.1586,0.15725009
2026-04-24 23:10:07.573627,0.1575,0.15760897
2026-04-24 23:10:08.573627,0.1567,0.15790369
2026-04-24 23:10:09.573627,0.1556,0.15721774
2026-04-24 23:10:10.573627,0.1543,0.15678225
2026-04-24 23:10:11.573627,0.1532,0.15698321
2026-04-24 23:10:12.573627,0.1534,0.15606023
2026-04-24 23:10:13.573627,0.1542,0.15502943
2026-04-24 23:10:14.573627,0.1543,0.15397806
2026-04-24 23:10:15.573627,0.1542,0.1526805
2026-04-24 23:10:16.573627,0.1544,0.1513789
2026-04-24 23:10:17.573627,0.1549,0.15178245
2026-04-24 23:10:18.573627,0.1551,0.15307137
2026-04-24 23:10:19.573627,0.1545,0.15312886
2026-04-24 23:10:20.573627,0.1548,0.15259643
2026-04-24 23:10:21.573627,0.1547,0.15235457
2026-04-24 23:10:22.573627,0.1546,0.1531929
2026-04-24 23:10:23.573627,0.1545,0.15388297
2026-04-24 23:10:24.573627,0.1548,0.15342464
2026-04-24 23:10:25.573627,0.1554,0.15383129
2026-04-24 23:10:26.573627,0.1558,0.1536014
2026-04-24 23:10:27.573627,0.1561,0.15321311
2026-04-24 23:10:28.573627,0.1555,0.15336835
2026-04-24 23:10:29.573627,0.1552,0.1537979
2026-04-24 23:10:30.573627,0.155,0.1546294
2026-04-24 23:10:31.573627,0.1553,0.15513884
2026-04-24 23:10:32.573627,0.1533,0.1554435
2026-04-24 23:10:33.573627,0.1526,0.15462163
2026-04-24 23:10:34.573627,0.151,0.15432198
2026-04-24 23:10:35.573627,0.1495,0.15379953
2026-04-24 23:10:36.573627,0.1479,0.1541827
2026-04-24 23:10:37.573627,0.1468,0.15204117
2026-04-24 23:10:38.573627,0.146,0.15097901
2026-04-24 23:10:39.573627,0.145,0.14943126
2026-04-24 23:10:40.573627,0.1449,0.14814118
2026-04-24 23:10:41.573627,0.1442,0.14650129
2026-04-24 23:10:42.573627,0.1441,0.14554007
2026-04-24 23:10:43.573627,0.1442,0.14502925
2026-04-24 23:10:44.573627,0.144,0.1440938
2026-04-24 23:10:45.573627,0.1435,0.14441201
2026-04-24 23:10:46.573627,0.1433,0.14395484
2026-04-24 23:10:47.573627,0.1435,0.1440882
2026-04-24 23:10:48.573627,0.1437,0.1445457
2026-04-24 23:10:49.573627,0.1437,0.14397024
2026-04-24 23:10:50.573627,0.1435,0.14355557
2026-04-24 23:10:51.573627,0.1436,0.14329612
2026-04-24 23:10:52.573627,0.145,0.14388122
2026-04-24 23:10:53.573627,0.146,0.14436729
2026-04-24 23:10:54.573627,0.1476,0.14427948
2026-04-24 23:10:55.573627,0.1489,0.14397548
2026-04-24 23:10:56.573627,0.1499,0.14394721
2026-04-24 23:10:57.573627,0.1514,0.14579564
2026-04-24 23:10:58.573627,0.153,0.14709589
2026-04-24 23:10:59.573627,0.1544,0.14817783
2026-04-24 23:11:00.573627,0.1557,0.14942253
2026-04-24 23:11:01.573627,0.1569,0.1502444
2026-04-24 23:11:02.573627,0.156,0.15190864
2026-04-24 23:11:03.573627,0.1547,0.15356173
2026-04-24 23:11:04.573627,0.1536,0.15496455
2026-04-24 23:11:05.573627,0.1529,0.15596645
2026-04-24 23:11:06.573627,0.1521,0.15683205
2026-04-24 23:11:07.573627,0.1503,0.1556202
2026-04-24 23:11:08.573627,0.1488,0.15381339
2026-04-24 23:11:09.573627,0.1477,0.15271744
2026-04-24 23:11:10.573627,0.1466,0.15174493
2026-04-24 23:11:11.573627,0.1454,0.15102194
2026-04-24 23:11:12.573627,0.146,0.14905134
2026-04-24 23:11:13.573627,0.1469,0.14765647
2026-04-24 23:11:14.573627,0.147,0.1467765
2026-04-24 23:11:15.573627,0.148,0.14565562
2026-04-24 23:11:16.573627,0.1482,0.1445719
2026-04-24 23:11:17.573627,0.1488,0.14503819
2026-04-24 23:11:18.573627,0.1491,0.14633578
2026-04-24 23:11:19.573627,0.1498,0.14694569
2026-04-24 23:11:20.573627,0.1495,0.14833002
2026-04-24 23:11:21.573627,0.1498,0.14868823
2026-04-24 23:11:22.573627,0.1498,0.14920975
2026-04-24 23:11:23.573627,0.1499,0.14895287
2026-04-24 23:11:24.573627,0.1499,0.14973079
2026-04-24 23:11:25.573627,0.1498,0.14948235
2026-04-24 23:11:26.573627,0.1502,0.14950141
2026-04-24 23:11:27.573627,0.1517,0.1495455
2026-04-24 23:11:28.573627,0.1527,0.14957121
2026-04-24 23:11:29.573627,0.1538,0.14931874
2026-04-24 23:11:30.573627,0.1547,0.14920698
2026-04-24 23:11:31.573627,0.1556,0.14964402
2026-04-24 23:11:32.573627,0.0812,0.1517465
2026-04-24 23:11:33.573627,0.0833,0.15252398
2026-04-24 23:11:34.573627,0.0859,0.15337025
2026-04-24 23:11:35.573627,0.0882,0.15433875
2026-04-24 23:11:36.573627,0.0903,0.15509361
2026-04-24 23:11:37.573627,0.0927,0.09207134
2026-04-24 23:11:38.573627,0.096,0.09389345
2026-04-24 23:11:39.573627,0.0986,0.097416535
2026-04-24 23:11:40.573627,0.1012,0.099469885
2026-04-24 23:11:41.573627,0.1038,0.10169262
2026-04-24 23:11:42.573627,0.104,0.103599355
2026-04-24 23:11:43.573627,0.1044,0.10483611
2026-04-24 23:11:44.573627,0.105,0.10767035
2026-04-24 23:11:45.573627,0.1056,0.109326825
2026-04-24 23:11:46.573627,0.1058,0.11168416
2026-04-24 23:11:47.573627,0.1081,0.11046424
2026-04-24 23:11:48.573627,0.1105,0.11043705
2026-04-24 23:11:49.573627,0.1132,0.11100286
2026-04-24 23:11:50.573627,0.1157,0.11163302
2026-04-24 23:11:51.573627,0.1182,0.11088384
2026-04-24 23:11:52.573627,0.1199,0.113580786
2026-04-24 23:11:53.573627,0.122,0.11519559
2026-04-24 23:11:54.573627,0.1235,0.11748306
2026-04-24 23:11:55.573627,0.1248,0.120074406
2026-04-24 23:11:56.573627,0.1262,0.12256827
2026-04-24 23:11:57.573627,0.1283,0.12378869
2026-04-24 23:11:58.573627,0.1306,0.12632209
2026-04-24 23:11:59.573627,0.1324,0.12736402
2026-04-24 23:12:00.573627,0.1347,0.12854081
2026-04-24 23:12:01.573627,0.1371,0.12916264
2026-04-24 23:12:02.573627,0.1383,0.1313348
2026-04-24 23:12:03.573627,0.1396,0.13336186
2026-04-24 23:12:04.573627,0.1412,0.13528211
2026-04-24 23:12:05.573627,0.1424,0.13767716
2026-04-24 23:12:06.573627,0.1439,0.13976288
2026-04-24 23:12:07.573627,0.1455,0.14050646
2026-04-24 23:12:08.573627,0.1476,0.14148423
2026-04-24 23:12:09.573627,0.1488,0.14247079
2026-04-24 23:12:10.573627,0.1498,0.14353639
2026-04-24 23:12:11.573627,0.1516,0.1448218
2026-04-24 23:12:12.573627,0.1501,0.14611743
2026-04-24 23:12:13.573627,0.1492,0.14825322
2026-04-24 23:12:14.573627,0.148,0.14936596
2026-04-24 23:12:15.573627,0.1467,0.15051165
2026-04-24 23:12:16.573627,0.1457,0.15265809
2026-04-24 23:12:17.573627,0.1447,0.15041935
2026-04-24 23:12:18.573627,0.1445,0.14911172
2026-04-24 23:12:19.573627,0.1442,0.14704324
2026-04-24 23:12:20.573627,0.1436,0.14574553
2026-04-24 23:12:21.573627,0.1429,0.14536023
2026-04-24 23:12:22.573627,0.145,0.14433125
2026-04-24 23:12:23.573627,0.1463,0.14390948
2026-04-24 23:12:24.573627,0.1477,0.144055
2026-04-24 23:12:25.573627,0.1491,0.14343871
2026-04-24 23:12:26.573627,0.1503,0.14232852
2026-04-24 23:12:27.573627,0.1506,0.14405246
2026-04-24 23:12:28.573627,0.1505,0.14583589
2026-04-24 23:12:29.573627,0.151,0.14795266
2026-04-24 23:12:30.573627,0.1508,0.1496079
2026-04-24 23:12:31.573627,0.1507,0.15083644
2026-04-24 23:12:32.573627,0.1508,0.15112312
2026-04-24 23:12:33.573627,0.1513,0.15008558
2026-04-24 23:12:34.573627,0.1506,0.15050392
2026-04-24 23:12:35.573627,0.1508,0.15021344
2026-04-24 23:12:36.573627,0.1505,0.14993675
2026-04-24 23:12:37.573627,0.1505,0.15004449
2026-04-24 23:12:38.573627,0.1502,0.15098843
2026-04-24 23:12:39.573627,0.1505,0.15018606
2026-04-24 23:12:40.573627,0.1505,0.15035273
2026-04-24 23:12:41.573627,0.1499,0.14998803
2026-04-24 23:12:42.573627,0.151,0.14978252
2026-04-24 23:12:43.573627,0.1521,0.14933826
2026-04-24 23:12:44.573627,0.1534,0.1495432
2026-04-24 23:12:45.573627,0.1543,0.1498517
2026-04-24 23:12:46.573627,0.1552,0.14910567
2026-04-24 23:12:47.573627,0.1541,0.15021744
2026-04-24 23:12:48.573627,0.1527,0.15196894
2026-04-24 23:12:49.573627,0.1516,0.15301928
2026-04-24 23:12:50.573627,0.1501,0.15344161
2026-04-24 23:12:51.573627,0.1492,0.15384382
2026-04-24 23:12:52.573627,0.1501,0.1523219
2026-04-24 23:12:53.573627,0.1509,0.15060113
2026-04-24 23:12:54.573627,0.151,0.14923057
2026-04-24 23:12:55.573627,0.1513,0.14773366
2026-04-24 23:12:56.573627,0.1517,0.14698789
2026-04-24 23:12:57.573627,0.1506,0.14818975
2026-04-24 23:12:58.573627,0.1491,0.14944059
2026-04-24 23:12:59.573627,0.1478,0.14949208
2026-04-24 23:13:00.573627,0.147,0.14983101
2026-04-24 23:13:01.573627,0.1455,0.15040384
2026-04-24 23:13:02.573627,0.145,0.14922819
2026-04-24 23:13:03.573627,0.1445,0.1472325
2026-04-24 23:13:04.573627,0.1438,0.14587142
2026-04-24 23:13:05.573627,0.1434,0.1457335
2026-04-24 23:13:06.573627,0.1425,0.14433014
2026-04-24 23:13:07.573627,0.1438,0.14368139
2026-04-24 23:13:08.573627,0.1451,0.14340079
2026-04-24 23:13:09.573627,0.1462,0.14316437
2026-04-24 23:13:10.573627,0.1474,0.14297795
2026-04-24 23:13:11.573627,0.1483,0.14206037
2026-04-24 23:13:12.573627,0.1483,0.14402415
2026-04-24 23:13:13.573627,0.1479,0.14546426
2026-04-24 23:13:14.573627,0.1472,0.1467058
2026-04-24 23:13:15.573627,0.1471,0.147557
2026-04-24 23:13:16.573627,0.1463,0.14858507
2026-04-24 23:13:17.573627,0.146,0.14854065
2026-04-24 23:13:18.573627,0.1462,0.14791627
2026-04-24 23:13:19.573627,0.1467,0.14702117
2026-04-24 23:13:20.573627,0.1467,0.14681238
2026-04-24 23:13:21.573627,0.1472,0.1460231
2026-04-24 23:13:22.573627,0.1471,0.14578617
2026-04-24 23:13:23.573627,0.1471,0.1459099
2026-04-24 23:13:24.573627,0.1475,0.14705718
2026-04-24 23:13:25.573627,0.1478,0.14700264
2026-04-24 23:13:26.573627,0.1481,0.14764796
2026-04-24 23:13:27.573627,0.1472,0.14720869
2026-04-24 23:13:28.573627,0.1465,0.14678214
2026-04-24 23:13:29.573627,0.1452,0.14744869
2026-04-24 23:13:30.573627,0.1441,0.14762072
2026-04-24 23:13:31.573627,0.1434,0.14788686
2026-04-24 23:13:32.573627,0.1441,0.14679727
2026-04-24 23:13:33.573627,0.1447,0.14612718
2026-04-24 23:13:34.573627,0.1458,0.14431202
2026-04-24 23:13:35.573627,0.1464,0.14333414
2026-04-24 23:13:36.573627,0.1473,0.14296506
2026-04-24 23:13:37.573627,0.1469,0.14392999
2026-04-24 23:13:38.573627,0.1474,0.14478333
2026-04-24 23:13:39.573627,0.1475,0.1465675
2026-04-24 23:13:40.573627,0.1477,0.14701328
2026-04-24 23:13:41.573627,0.1479,0.14758125
2026-04-24 23:13:42.573627,0.1499,0.1475806
2026-04-24 23:13:43.573627,0.1515,0.14806087
2026-04-24 23:13:44.573627,0.1532,0.14779095
2026-04-24 23:13:45.573627,0.1545,0.14784943
2026-04-24 23:13:46.573627,0.1559,0.14775956
2026-04-24 23:13:47.573627,0.1558,0.14997585
2026-04-24 23:13:48.573627,0.1556,0.15193774
2026-04-24 23:13:49.573627,0.1551,0.15400231
2026-04-24 23:13:50.573627,0.1549,0.1549645
2026-04-24 23:13:51.573627,0.1545,0.15617831
2026-04-24 23:13:52.573627,0.1533,0.15585631
2026-04-24 23:13:53.573627,0.1524,0.15529242
2026-04-24 23:13:54.573627,0.1511,0.15418509
2026-04-24 23:13:55.573627,0.1499,0.15347865
2026-04-24 23:13:56.573627,0.149,0.15318614
2026-04-24 23:13:57.573627,0.148,0.15213956
2026-04-24 23:13:58.573627,0.1467,0.15132953
2026-04-24 23:13:59.573627,0.1456,0.14991154
2026-04-24 23:14:00.573627,0.1447,0.14893997
2026-04-24 23:14:01.573627,0.1434,0.1484042
2026-04-24 23:14:02.573627,0.1428,0.14662738
2026-04-24 23:14:03.573627,0.1421,0.14528382
2026-04-24 23:14:04.573627,0.1414,0.14453855
2026-04-24 23:14:05.573627,0.1401,0.14428766
2026-04-24 23:14:06.573627,0.1396,0.14315301
2026-04-24 23:14:07.573627,0.1416,0.14254373
2026-04-24 23:14:08.573627,0.1435,0.14224683
2026-04-24 23:14:09.573627,0.1449,0.14182833
2026-04-24 23:14:10.573627,0.1462,0.14057004
2026-04-24 23:14:11.573627,0.1477,0.13979788
2026-04-24 23:14:12.573627,0.1495,0.14219025
2026-04-24 23:14:13.573627,0.1514,0.14451115
2026-04-24 23:14:14.573627,0.1524,0.14651029
2026-04-24 23:14:15.573627,0.1539,0.1480602
2026-04-24 23:14:16.573627,0.1558,0.14965212
2026-04-24 23:14:17.573627,0.1568,0.15121123
2026-04-24 23:14:18.573627,0.157,0.15272973
2026-04-24 23:14:19.573627,0.1574,0.1530171
2026-04-24 23:14:20.573627,0.1578,0.15433721
2026-04-24 23:14:21.573627,0.1585,0.15627445
2026-04-24 23:14:22.573627,0.1568,0.15751542
2026-04-24 23:14:23.573627,0.1551,0.15755232
2026-04-24 23:14:24.573627,0.1536,0.15794122
2026-04-24 23:14:25.573627,0.1521,0.15797196
2026-04-24 23:14:26.573627,0.1501,0.1586569
2026-04-24 23:14:27.573627,0.1497,0.15588719
2026-04-24 23:14:28.573627,0.1497,0.15386288
2026-04-24 23:14:29.573627,0.15,0.15232761
2026-04-24 23:14:30.573627,0.1497,0.15110816
2026-04-24 23:14:31.573627,0.1497,0.14915468
2026-04-24 23:14:32.573627,0.1506,0.14911893
2026-04-24 23:14:33.573627,0.1507,0.14944977
2026-04-24 23:14:34.573627,0.1511,0.15000764
2026-04-24 23:14:35.573627,0.1517,0.14972849
2026-04-24 23:14:36.573627,0.1523,0.14959615
2026-04-24 23:14:37.573627,0.1517,0.15043125
2026-04-24 23:14:38.573627,0.1514,0.15070021
2026-04-24 23:14:39.573627,0.151,0.15101014
2026-04-24 23:14:40.573627,0.1505,0.15141615
2026-04-24 23:14:41.573627,0.1498,0.15183142
2026-04-24 23:14:42.573627,0.149,0.15144496
2026-04-24 23:14:43.573627,0.1486,0.15049595
2026-04-24 23:14:44.573627,0.1488,0.14988852
2026-04-24 23:14:45.573627,0.1485,0.14927936
2026-04-24 23:14:46.573627,0.1478,0.1487211
2026-04-24 23:14:47.573627,0.1497,0.14810327
2026-04-24 23:14:48.573627,0.1516,0.14751744
2026-04-24 23:14:49.573627,0.1529,0.14779489
2026-04-24 23:14:50.573627,0.1542,0.14747821
2026-04-24 23:14:51.573627,0.1552,0.14698479
2026-04-24 23:14:52.573627,0.156,0.14946966
2026-04-24 23:14:53.573627,0.1571,0.15178987
2026-04-24 23:14:54.573627,0.1578,0.15326478
2026-04-24 23:14:55.573627,0.1589,0.15491201
2026-04-24 23:14:56.573627,0.1597,0.15574758
2026-04-24 23:14:57.573627,0.161,0.15673341
2026-04-24 23:14:58.573627,0.1617,0.15754703
2026-04-24 23:14:59.573627,0.1627,0.15776686
2026-04-24 23:15:00.573627,0.1632,0.15900558
2026-04-24 23:15:01.573627,0.164,0.1596872
2026-04-24 23:15:02.573627,0.1648,0.16105025
2026-04-24 23:15:03.573627,0.1649,0.16188519
2026-04-24 23:15:04.573627,0.1657,0.16266191
2026-04-24 23:15:05.573627,0.1662,0.16292715
2026-04-24 23:15:06.573627,0.1668,0.16324386
2026-04-24 23:15:07.573627,0.1674,0.16340108
2026-04-24 23:15:08.573627,0.1678,0.16333207
2026-04-24 23:15:09.573627,0.1688,0.16398521
2026-04-24 23:15:10.573627,0.1692,0.1643926
2026-04-24 23:15:11.573627,0.1691,0.16518016
2026-04-24 23:15:12.573627,0.1689,0.1654515
2026-04-24 23:15:13.573627,0.1688,0.16562106
2026-04-24 23:15:14.573627,0.1694,0.16599953
2026-04-24 23:15:15.573627,0.1698,0.16586043
2026-04-24 23:15:16.573627,0.1699,0.1655888
2026-04-24 23:15:17.573627,0.1692,0.16537666
2026-04-24 23:15:18.573627,0.1684,0.16528295
2026-04-24 23:15:19.573627,0.1667,0.16617255
2026-04-24 23:15:20.573627,0.1656,0.16652523
2026-04-24 23:15:21.573627,0.1648,0.16669598
2026-04-24 23:15:22.573627,0.1653,0.16563813
2026-04-24 23:15:23.573627,0.1658,0.16456668
2026-04-24 23:15:24.573627,0.1663,0.16290957
2026-04-24 23:15:25.573627,0.1672,0.16232309
2026-04-24 23:15:26.573627,0.1678,0.16144893
2026-04-24 23:15:27.573627,0.1675,0.1624617
2026-04-24 23:15:28.573627,0.1667,0.16311951
2026-04-24 23:15:29.573627,0.1665,0.1636215
2026-04-24 23:15:30.573627,0.1662,0.16384535
2026-04-24 23:15:31.573627,0.1661,0.1644183
2026-04-24 23:15:32.573627,0.1647,0.16385129
2026-04-24 23:15:33.573627,0.1638,0.16294427
2026-04-24 23:15:34.573627,0.1626,0.16294095
2026-04-24 23:15:35.573627,0.1611,0.16324931
2026-04-24 23:15:36.573627,0.1605,0.16342524
2026-04-24 23:15:37.573627,0.1612,0.16195332
2026-04-24 23:15:38.573627,0.1624,0.160518
2026-04-24 23:15:39.573627,0.1634,0.15896267
2026-04-24 23:15:40.573627,0.1642,0.15785891
2026-04-24 23:15:41.573627,0.1642,0.15769361
2026-04-24 23:15:42.573627,0.1634,0.15877308
2026-04-24 23:15:43.573627,0.1632,0.16045648
2026-04-24 23:15:44.573627,0.1633,0.16188242
2026-04-24 23:15:45.573627,0.1624,0.16272682
2026-04-24 23:15:46.573627,0.1624,0.16222642
2026-04-24 23:15:47.573627,0.162,0.16078123
2026-04-24 23:15:48.573627,0.161,0.16036864
2026-04-24 23:15:49.573627,0.1599,0.16043682
2026-04-24 23:15:50.573627,0.159,0.15971592
2026-04-24 23:15:51.573627,0.1586,0.15959427
2026-04-24 23:15:52.573627,0.1593,0.15932564
2026-04-24 23:15:53.573627,0.1602,0.15828334
2026-04-24 23:15:54.573627,0.1615,0.15656553
2026-04-24 23:15:55.573627,0.1625,0.15612808
2026-04-24 23:15:56.573627,0.1635,0.15605958
2026-04-24 23:15:57.573627,0.1635,0.15736307
2026-04-24 23:15:58.573627,0.1635,0.1587904
2026-04-24 23:15:59.573627,0.1636,0.16049817
2026-04-24 23:16:00.573627,0.1637,0.16142514
2026-04-24 23:16:01.573627,0.164,0.16266671
2026-04-24 23:16:02.573627,0.163,0.16198733
2026-04-24 23:16:03.573627,0.1622,0.16144818
2026-04-24 23:16:04.573627,0.1617,0.1610978
2026-04-24 23:16:05.573627,0.1608,0.16113785
2026-04-24 23:16:06.573627,0.1596,0.16173574
2026-04-24 23:16:07.573627,0.1583,0.16079369
2026-04-24 23:16:08.573627,0.1565,0.1597636
2026-04-24 23:16:09.573627,0.1553,0.15943217
2026-04-24 23:16:10.573627,0.154,0.15839115
2026-04-24 23:16:11.573627,0.1525,0.15669972
2026-04-24 23:16:12.573627,0.1521,0.15540609
2026-04-24 23:16:13.573627,0.1517,0.1536591
2026-04-24 23:16:14.573627,0.1511,0.15290329
2026-04-24 23:16:15.573627,0.1505,0.15193139
2026-04-24 23:16:16.573627,0.1509,0.15056051
2026-04-24 23:16:17.573627,0.1513,0.15042908
2026-04-24 23:16:18.573627,0.151,0.15014628
2026-04-24 23:16:19.573627,0.1509,0.1497789
2026-04-24 23:16:20.573627,0.151,0.14959599
2026-04-24 23:16:21.573627,0.1511,0.15041552
2026-04-24 23:16:22.573627,0.1515,0.15084842
2026-04-24 23:16:23.573627,0.1515,0.15069652
2026-04-24 23:16:24.573627,0.1521,0.15063071
2026-04-24 23:16:25.573627,0.2154,0.15109742
2026-04-24 23:16:26.573627,0.2145,0.15111567
2026-04-24 23:16:27.573627,0.2118,0.151204
2026-04-24 23:16:28.573627,0.2095,0.15116376
2026-04-24 23:16:29.573627,0.2073,0.15156555
2026-04-24 23:16:30.573627,0.205,0.20307232
2026-04-24 23:16:31.573627,0.2027,0.20322242
2026-04-24 23:16:32.573627,0.1996,0.19932888
2026-04-24 23:16:33.573627,0.1966,0.19688433
2026-04-24 23:16:34.573627,0.1938,0.19633363
2026-04-24 23:16:35.573627,0.1913,0.19393282
2026-04-24 23:16:36.573627,0.1883,0.19216523
2026-04-24 23:16:37.573627,0.1884,0.1905976
2026-04-24 23:16:38.573627,0.1878,0.18856557
2026-04-24 23:16:39.573627,0.1871,0.18663687
2026-04-24 23:16:40.573627,0.1867,0.18438421
2026-04-24 23:16:41.573627,0.186,0.18155096
2026-04-24 23:16:42.573627,0.1866,0.18169807
2026-04-24 23:16:43.573627,0.1864,0.18171649
2026-04-24 23:16:44.573627,0.1865,0.18091679
2026-04-24 23:16:45.573627,0.1866,0.18085375
2026-04-24 23:16:46.573627,0.1865,0.18060684
2026-04-24 23:16:47.573627,0.1843,0.18130955
2026-04-24 23:16:48.573627,0.1816,0.18082863
2026-04-24 23:16:49.573627,0.1792,0.18059488
2026-04-24 23:16:50.573627,0.1772,0.18064937
2026-04-24 23:16:51.573627,0.1754,0.18038788
2026-04-24 23:16:52.573627,0.1763,0.17814109
2026-04-24 23:16:53.573627,0.1763,0.17591013
2026-04-24 23:16:54.573627,0.1762,0.17373866
2026-04-24 23:16:55.573627,0.1761,0.17195824
2026-04-24 23:16:56.573627,0.1766,0.17075615
2026-04-24 23:16:57.573627,0.1754,0.17170414
2026-04-24 23:16:58.573627,0.1742,0.17184615
2026-04-24 23:16:59.573627,0.1727,0.17156497
2026-04-24 23:17:00.573627,0.1712,0.17169344
2026-04-24 23:17:01.573627,0.1695,0.17209253
2026-04-24 23:17:02.573627,0.1681,0.17105357
2026-04-24 23:17:03.573627,0.166,0.16992916
2026-04-24 23:17:04.573627,0.1644,0.1685369
2026-04-24 23:17:05.573627,0.1631,0.16745465
2026-04-24 23:17:06.573627,0.1618,0.16570961
2026-04-24 23:17:07.573627,0.1615,0.16424654
2026-04-24 23:17:08.573627,0.1614,0.16222942
2026-04-24 23:17:09.573627,0.1614,0.16103926
2026-04-24 23:17:10.573627,0.161,0.1595448
2026-04-24 23:17:11.573627,0.1606,0.1585509
2026-04-24 23:17:12.573627,0.1617,0.15901387
2026-04-24 23:17:13.573627,0.162,0.1592318
2026-04-24 23:17:14.573627,0.1621,0.15906802
2026-04-24 23:17:15.573627,0.1626,0.15873754
2026-04-24 23:17:16.573627,0.1632,0.15887363
2026-04-24 23:17:17.573627,0.1622,0.1602882
2026-04-24 23:17:18.573627,0.1617,0.16065212
2026-04-24 23:17:19.573627,0.1608,0.16073611
2026-04-24 23:17:20.573627,0.1599,0.1611982
2026-04-24 23:17:21.573627,0.1586,0.16185994
2026-04-24 23:17:22.573627,0.1572,0.16051568
2026-04-24 23:17:23.573627,0.1558,0.15954068
2026-04-24 23:17:24.573627,0.1548,0.15802722
2026-04-24 23:17:25.573627,0.1536,0.1570446
2026-04-24 23:17:26.573627,0.1526,0.15538576
2026-04-24 23:17:27.573627,0.1511,0.15428126
2026-04-24 23:17:28.573627,0.15,0.15300985
2026-04-24 23:17:29.573627,0.1496,0.15254396
2026-04-24 23:17:30.573627,0.1486,0.15145569
2026-04-24 23:17:31.573627,0.1479,0.1506202
2026-04-24 23:17:32.573627,0.147,0.1494086
2026-04-24 23:17:33.573627,0.1465,0.14849257
2026-04-24 23:17:34.573627,0.1463,0.14870769
2026-04-24 23:17:35.573627,0.1456,0.14798377
2026-04-24 23:17:36.573627,0.1456,0.14724147
2026-04-24 23:17:37.573627,0.1467,0.14647281
2026-04-24 23:17:38.573627,0.1483,0.14618002
2026-04-24 23:17:39.573627,0.1497,0.14636974
2026-04-24 23:17:40.573627,0.1507,0.14562964
2026-04-24 23:17:41.573627,0.1519,0.14571017
2026-04-24 23:17:42.573627,0.1532,0.14726965
2026-04-24 23:17:43.573627,0.1543,0.1494741
2026-04-24 23:17:44.573627,0.1553,0.15093441
2026-04-24 23:17:45.573627,0.1564,0.15187788
2026-04-24 23:17:46.573627,0.1575,0.15291746
2026-04-24 23:17:47.573627,0.1578,0.15421142
2026-04-24 23:17:48.573627,0.1589,0.15498202
2026-04-24 23:17:49.573627,0.1595,0.15536821
2026-04-24 23:17:50.573627,0.1597,0.15646279
2026-04-24 23:17:51.573627,0.1608,0.15768167
2026-04-24 23:17:52.573627,0.1601,0.15775065
2026-04-24 23:17:53.573627,0.1593,0.15870239
2026-04-24 23:17:54.573627,0.1591,0.15850817
2026-04-24 23:17:55.573627,0.1583,0.15832478
2026-04-24 23:17:56.573627,0.1584,0.15964232
2026-04-24 23:17:57.573627,0.1587,0.15874118
2026-04-24 23:17:58.573627,0.159,0.15807045
2026-04-24 23:17:59.573627,0.1594,0.15773746
2026-04-24 23:18:00.573627,0.1597,0.15703887
2026-04-24 23:18:01.573627,0.16,0.15682259
2026-04-24 23:18:02.573627,0.1597,0.15699671
2026-04-24 23:18:03.573627,0.1594,0.15747863
2026-04-24 23:18:04.573627,0.1586,0.15800634
2026-04-24 23:18:05.573627,0.1587,0.15812072
2026-04-24 23:18:06.573627,0.1585,0.15831432
2026-04-24 23:18:07.573627,0.1585,0.15800932
2026-04-24 23:18:08.573627,0.1581,0.15758947
2026-04-24 23:18:09.573627,0.1579,0.15699607
2026-04-24 23:18:10.573627,0.158,0.1571285
2026-04-24 23:18:11.573627,0.158,0.15659104
2026-04-24 23:18:12.573627,0.1589,0.15701072
2026-04-24 23:18:13.573627,0.1597,0.15671308
2026-04-24 23:18:14.573627,0.1607,0.15648599
2026-04-24 23:18:15.573627,0.1616,0.1566931
2026-04-24 23:18:16.573627,0.1622,0.15676916
2026-04-24 23:18:17.573627,0.1626,0.15767883
2026-04-24 23:18:18.573627,0.1631,0.15817036
2026-04-24 23:18:19.573627,0.1631,0.15954791
2026-04-24 23:18:20.573627,0.1632,0.16090065
2026-04-24 23:18:21.573627,0.1636,0.16112363
2026-04-24 23:18:22.573627,0.1644,0.16113105
2026-04-24 23:18:23.573627,0.1649,0.16171813
2026-04-24 23:18:24.573627,0.166,0.16152653
2026-04-24 23:18:25.573627,0.1669,0.16163556
2026-04-24 23:18:26.573627,0.1676,0.16110745
2026-04-24 23:18:27.573627,0.1658,0.16159782
2026-04-24 23:18:28.573627,0.1648,0.16238467
2026-04-24 23:18:29.573627,0.1637,0.16347964
2026-04-24 23:18:30.573627,0.1622,0.1646166
2026-04-24 23:18:31.573627,0.1614,0.16531438
2026-04-24 23:18:32.573627,0.1619,0.16345125
2026-04-24 23:18:33.573627,0.1617,0.16169064
2026-04-24 23:18:34.573627,0.1612,0.16021618
2026-04-24 23:18:35.573627,0.1615,0.1592057
2026-04-24 23:18:36.573627,0.1616,0.15848862
2026-04-24 23:18:37.573627,0.1599,0.15965238
2026-04-24 23:18:38.573627,0.1588,0.15986362
2026-04-24 23:18:39.573627,0.1577,0.15960702
2026-04-24 23:18:40.573627,0.1569,0.15988564
2026-04-24 23:18:41.573627,0.1557,0.1602207
2026-04-24 23:18:42.573627,0.154,0.15807484
2026-04-24 23:18:43.573627,0.1523,0.1567502
2026-04-24 23:18:44.573627,0.151,0.15579902
2026-04-24 23:18:45.573627,0.1499,0.15478984
2026-04-24 23:18:46.573627,0.1493,0.15411554
2026-04-24 23:18:47.573627,0.1491,0.15318128
2026-04-24 23:18:48.573627,0.1487,0.15150401
2026-04-24 23:18:49.573627,0.1483,0.15012935
2026-04-24 23:18:50.573627,0.1484,0.1491025
2026-04-24 23:18:51.573627,0.1483,0.14831784
2026-04-24 23:18:52.573627,0.1496,0.1484314
2026-04-24 23:18:53.573627,0.1504,0.148318
2026-04-24 23:18:54.573627,0.1516,0.14873117
2026-04-24 23:18:55.573627,0.1898,0.14925227
2026-04-24 23:18:56.573627,0.1895,0.14922823
2026-04-24 23:18:57.573627,0.1893,0.15065852
2026-04-24 23:18:58.573627,0.1897,0.15136524
2026-04-24 23:18:59.573627,0.19,0.15218095
2026-04-24 23:19:00.573627,0.1902,0.1867274
2026-04-24 23:19:01.573627,0.1899,0.1861792
2026-04-24 23:19:02.573627,0.1893,0.18418813
2026-04-24 23:19:03.573627,0.1877,0.1839593
2026-04-24 23:19:04.573627,0.1863,0.18516439
2026-04-24 23:19:05.573627,0.1857,0.18500526
2026-04-24 23:19:06.573627,0.1849,0.1848665
2026-04-24 23:19:07.573627,0.183,0.18467611
2026-04-24 23:19:08.573627,0.1813,0.18322867
2026-04-24 23:19:09.573627,0.1796,0.18147817
2026-04-24 23:19:10.573627,0.1771,0.18068771
2026-04-24 23:19:11.573627,0.1751,0.17962863
2026-04-24 23:19:12.573627,0.1754,0.17848533
2026-04-24 23:19:13.573627,0.1755,0.17677508
2026-04-24 23:19:14.573627,0.1756,0.17495915
2026-04-24 23:19:15.573627,0.1757,0.17226216
2026-04-24 23:19:16.573627,0.1761,0.17081428
2026-04-24 23:19:17.573627,0.1759,0.17186762
2026-04-24 23:19:18.573627,0.1753,0.17203408
2026-04-24 23:19:19.573627,0.1754,0.1723046
2026-04-24 23:19:20.573627,0.1752,0.17228569
2026-04-24 23:19:21.573627,0.1749,0.1727246
2026-04-24 23:19:22.573627,0.1746,0.17202756
2026-04-24 23:19:23.573627,0.1741,0.1715896
2026-04-24 23:19:24.573627,0.1743,0.17181714
2026-04-24 23:19:25.573627,0.1738,0.17198537
2026-04-24 23:19:26.573627,0.173,0.17199714
2026-04-24 23:19:27.573627,0.1727,0.1720976
2026-04-24 23:19:28.573627,0.1721,0.17165913
2026-04-24 23:19:29.573627,0.1716,0.17172734
2026-04-24 23:19:30.573627,0.1715,0.17135392
2026-04-24 23:19:31.573627,0.171,0.17022406
2026-04-24 23:19:32.573627,0.1696,0.16962011
2026-04-24 23:19:33.573627,0.1674,0.16914912
2026-04-24 23:19:34.573627,0.1659,0.16872078
2026-04-24 23:19:35.573627,0.1642,0.1686974
2026-04-24 23:19:36.573627,0.162,0.16819753
2026-04-24 23:19:37.573627,0.1625,0.16670315
2026-04-24 23:19:38.573627,0.1637,0.16384163
2026-04-24 23:19:39.573627,0.1644,0.16255474
2026-04-24 23:19:40.573627,0.1648,0.16101654
2026-04-24 23:19:41.573627,0.1655,0.15894601
2026-04-24 23:19:42.573627,0.1654,0.15976664
2026-04-24 23:19:43.573627,0.1652,0.16161679
2026-04-24 23:19:44.573627,0.164,0.16260889
2026-04-24 23:19:45.573627,0.1637,0.16298437
2026-04-24 23:19:46.573627,0.1633,0.16371311
2026-04-24 23:19:47.573627,0.1636,0.16360097
2026-04-24 23:19:48.573627,0.1639,0.16335434
2026-04-24 23:19:49.573627,0.1639,0.16213715
2026-04-24 23:19:50.573627,0.1644,0.16173466
2026-04-24 23:19:51.573627,0.1646,0.16166577
2026-04-24 23:19:52.573627,0.1651,0.1623863
2026-04-24 23:19:53.573627,0.1652,0.16287409
2026-04-24 23:19:54.573627,0.166,0.16266172
2026-04-24 23:19:55.573627,0.1663,0.1632162
2026-04-24 23:19:56.573627,0.1664,0.16357447
2026-04-24 23:19:57.573627,0.1651,0.1639292
2026-04-24 23:19:58.573627,0.1633,0.16451307
2026-04-24 23:19:59.573627,0.1619,0.16520345
2026-04-24 23:20:00.573627,0.1603,0.16555399
2026-04-24 23:20:01.573627,0.1585,0.16548902
2026-04-24 23:20:02.573627,0.1583,0.16376327
2026-04-24 23:20:03.573627,0.1581,0.1617229
2026-04-24 23:20:04.573627,0.1576,0.16014998
2026-04-24 23:20:05.573627,0.1567,0.15869088
2026-04-24 23:20:06.573627,0.1563,0.1566583
2026-04-24 23:20:07.573627,0.1571,0.15667158
2026-04-24 23:20:08.573627,0.158,0.15656686
2026-04-24 23:20:09.573627,0.1591,0.15618476
2026-04-24 23:20:10.573627,0.1601,0.15499136
2026-04-24 23:20:11.573627,0.1609,0.15451589
2026-04-24 23:20:12.573627,0.1625,0.15564556
2026-04-24 23:20:13.573627,0.1633,0.15689766
2026-04-24 23:20:14.573627,0.1645,0.15813947
2026-04-24 23:20:15.573627,0.1654,0.15932293
2026-04-24 23:20:16.573627,0.1669,0.16004673
2026-04-24 23:20:17.573627,0.1651,0.16217333
2026-04-24 23:20:18.573627,0.1634,0.16258584
2026-04-24 23:20:19.573627,0.1622,0.16365726
2026-04-24 23:20:20.573627,0.1602,0.16450289
2026-04-24 23:20:21.573627,0.1587,0.16585748
2026-04-24 23:20:22.573627,0.1592,0.16412583
2026-04-24 23:20:23.573627,0.1602,0.16205469
2026-04-24 23:20:24.573627,0.1607,0.1606108
2026-04-24 23:20:25.573627,0.1608,0.15846132
2026-04-24 23:20:26.573627,0.1612,0.15658808
2026-04-24 23:20:27.573627,0.16,0.15731747
2026-04-24 23:20:28.573627,0.1591,0.15874614
2026-04-24 23:20:29.573627,0.1586,0.15968786
2026-04-24 23:20:30.573627,0.1576,0.1598892
2026-04-24 23:20:31.573627,0.1569,0.16044897
2026-04-24 23:20:32.573627,0.156,0.15887834
2026-04-24 23:20:33.573627,0.1547,0.15772757
2026-04-24 23:20:34.573627,0.153,0.1571192
2026-04-24 23:20:35.573627,0.1513,0.15647061
2026-04-24 23:20:36.573627,0.1498,0.15593925
2026-04-24 23:20:37.573627,0.151,0.15540123
2026-04-24 23:20:38.573627,0.1522,0.1540987
2026-04-24 23:20:39.573627,0.1538,0.15230884
2026-04-24 23:20:40.573627,0.1555,0.15066789
2026-04-24 23:20:41.573627,0.157,0.1491146
2026-04-24 23:20:42.573627,0.1562,0.15055215
2026-04-24 23:20:43.573627,0.1559,0.15254398
2026-04-24 23:20:44.573627,0.1556,0.15461825
2026-04-24 23:20:45.573627,0.155,0.15643522
2026-04-24 23:20:46.573627,0.1542,0.15757693
2026-04-24 23:20:47.573627,0.1527,0.1567135
2026-04-24 23:20:48.573627,0.1519,0.1559523
2026-04-24 23:20:49.573627,0.1511,0.15538019
2026-04-24 23:20:50.573627,0.1499,0.15441231
2026-04-24 23:20:51.573627,0.1493,0.15374109
2026-04-24 23:20:52.573627,0.1486,0.15206455
2026-04-24 23:20:53.573627,0.1488,0.15158278
2026-04-24 23:20:54.573627,0.1486,0.15130147
2026-04-24 23:20:55.573627,0.1485,0.15024339
2026-04-24 23:20:56.573627,0.1484,0.14994271
2026-04-24 23:20:57.573627,0.1488,0.14948958
2026-04-24 23:20:58.573627,0.1494,0.14943415
2026-04-24 23:20:59.573627,0.1502,0.14945515
2026-04-24 23:21:00.573627,0.151,0.1496723
2026-04-24 23:21:01.573627,0.1515,0.14974166
2026-04-24 23:21:02.573627,0.1519,0.15020794
2026-04-24 23:21:03.573627,0.1526,0.15105546
2026-04-24 23:21:04.573627,0.153,0.15173027
2026-04-24 23:21:05.573627,0.1533,0.15285562
2026-04-24 23:21:06.573627,0.1537,0.15293333
2026-04-24 23:21:07.573627,0.1539,0.15285136
2026-04-24 23:21:08.573627,0.1541,0.15347117
2026-04-24 23:21:09.573627,0.1544,0.15374678
2026-04-24 23:21:10.573627,0.1545,0.15381388
2026-04-24 23:21:11.573627,0.155,0.1542903
2026-04-24 23:21:12.573627,0.1568,0.15459569
2026-04-24 23:21:13.573627,0.1577,0.1547782
2026-04-24 23:21:14.573627,0.1589,0.15479642
2026-04-24 23:21:15.573627,0.1605,0.15505752
2026-04-24 23:21:16.573627,0.1615,0.15574554
2026-04-24 23:21:17.573627,0.1624,0.15758926
2026-04-24 23:21:18.573627,0.163,0.15825859
2026-04-24 23:21:19.573627,0.1642,0.15947759
2026-04-24 23:21:20.573627,0.1652,0.16085172
2026-04-24 23:21:21.573627,0.1661,0.16164483
2026-04-24 23:21:22.573627,0.1665,0.16176112
2026-04-24 23:21:23.573627,0.1663,0.16206339
2026-04-24 23:21:24.573627,0.1661,0.16309743
2026-04-24 23:21:25.573627,0.1661,0.16411078
2026-04-24 23:21:26.573627,0.1669,0.16471297
2026-04-24 23:21:27.573627,0.1659,0.16505079
2026-04-24 23:21:28.573627,0.1648,0.16464694
2026-04-24 23:21:29.573627,0.1645,0.16449785
2026-04-24 23:21:30.573627,0.1639,0.16410322
2026-04-24 23:21:31.573627,0.1631,0.16506639
2026-04-24 23:21:32.573627,0.1643,0.16405582
2026-04-24 23:21:33.573627,0.1648,0.16266812
2026-04-24 23:21:34.573627,0.1652,0.16251367
2026-04-24 23:21:35.573627,0.1656,0.16233511
2026-04-24 23:21:36.573627,0.1662,0.16135237
2026-04-24 23:21:37.573627,0.1669,0.16280383
2026-04-24 23:21:38.573627,0.168,0.16349909
2026-04-24 23:21:39.573627,0.1685,0.16382964
2026-04-24 23:21:40.573627,0.1694,0.16427037
2026-04-24 23:21:41.573627,0.1701,0.16459918
2026-04-24 23:21:42.573627,0.1705,0.16551907
2026-04-24 23:21:43.573627,0.1708,0.16649832
2026-04-24 23:21:44.573627,0.1706,0.16673374
2026-04-24 23:21:45.573627,0.1703,0.16783194
2026-04-24 23:21:46.573627,0.1702,0.16797362
2026-04-24 23:21:47.573627,0.1707,0.16862226
2026-04-24 23:21:48.573627,0.1707,0.16891527
2026-04-24 23:21:49.573627,0.1713,0.16845557
2026-04-24 23:21:50.573627,0.1711,0.1680514
2026-04-24 23:21:51.573627,0.1715,0.16798344
2026-04-24 23:21:52.573627,0.1697,0.16842659
2026-04-24 23:21:53.573627,0.1676,0.1686221
2026-04-24 23:21:54.573627,0.1658,0.16881125
2026-04-24 23:21:55.573627,0.1647,0.1687187
2026-04-24 23:21:56.573627,0.1631,0.16912149
2026-04-24 23:21:57.573627,0.0896,0.1672297
2026-04-24 23:21:58.573627,0.0927,0.16443764
2026-04-24 23:21:59.573627,0.0959,0.16241452
2026-04-24 23:22:00.573627,0.0989,0.16175699
2026-04-24 23:22:01.573627,0.1011,0.16037315
2026-04-24 23:22:02.573627,0.1007,0.100538835
2026-04-24 23:22:03.573627,0.1012,0.10257339
2026-04-24 23:22:04.573627,0.1011,0.10539853
2026-04-24 23:22:05.573627,0.1019,0.10773302
2026-04-24 23:22:06.573627,0.1023,0.11011627
2026-04-24 23:22:07.573627,0.1031,0.110378996
2026-04-24 23:22:08.573627,0.1041,0.11051697
2026-04-24 23:22:09.573627,0.1047,0.11220577
2026-04-24 23:22:10.573627,0.1061,0.11225811
2026-04-24 23:22:11.573627,0.1065,0.11282922
2026-04-24 23:22:12.573627,0.1076,0.112270236
2026-04-24 23:22:13.573627,0.108,0.11228642
2026-04-24 23:22:14.573627,0.1088,0.11300644
2026-04-24 23:22:15.573627,0.1103,0.11408938
2026-04-24 23:22:16.573627,0.1115,0.11349288
2026-04-24 23:22:17.573627,0.112,0.11570868
2026-04-24 23:22:18.573627,0.1125,0.11542006
2026-04-24 23:22:19.573627,0.1132,0.116203845
2026-04-24 23:22:20.573627,0.1142,0.11759724
2026-04-24 23:22:21.573627,0.1152,0.11837468
2026-04-24 23:22:22.573627,0.1158,0.118655846
2026-04-24 23:22:23.573627,0.1163,0.119487114
2026-04-24 23:22:24.573627,0.1169,0.11973058
2026-04-24 23:22:25.573627,0.1176,0.12130673
2026-04-24 23:22:26.573627,0.1182,0.12150934
2026-04-24 23:22:27.573627,0.1201,0.12199719
2026-04-24 23:22:28.573627,0.1215,0.122020975
2026-04-24 23:22:29.573627,0.1229,0.12230205
2026-04-24 23:22:30.573627,0.124,0.12291682
2026-04-24 23:22:31.573627,0.1253,0.12305993
2026-04-24 23:22:32.573627,0.125,0.124790974
2026-04-24 23:22:33.573627,0.1254,0.12619437
2026-04-24 23:22:34.573627,0.1256,0.12720783
2026-04-24 23:22:35.573627,0.126,0.12835675
2026-04-24 23:22:36.573627,0.1262,0.12933609
2026-04-24 23:22:37.573627,0.1268,0.12859273
2026-04-24 23:22:38.573627,0.1273,0.12901168
2026-04-24 23:22:39.573627,0.1281,0.1294068
2026-04-24 23:22:40.573627,0.1289,0.13004035
2026-04-24 23:22:41.573627,0.1296,0.13073371
2026-04-24 23:22:42.573627,0.1314,0.13143378
2026-04-24 23:22:43.573627,0.1338,0.13201463
2026-04-24 23:22:44.573627,0.1353,0.13262355
2026-04-24 23:22:45.573627,0.1332,0.13302515
2026-04-24 23:22:46.573627,0.135,0.13361044
2026-04-24 23:22:47.573627,0.1365,0.13533473
2026-04-24 23:22:48.573627,0.1379,0.13785645
2026-04-24 23:22:49.573627,0.1397,0.13953906
2026-04-24 23:22:50.573627,0.1408,0.13652338
2026-04-24 23:22:51.573627,0.1423,0.13776147
2026-04-24 23:22:52.573627,0.1408,0.13984127
2026-04-24 23:22:53.573627,0.1396,0.14122483
2026-04-24 23:22:54.573627,0.139,0.14290829
2026-04-24 23:22:55.573627,0.1377,0.14400727
2026-04-24 23:22:56.573627,0.1364,0.1450818
2026-04-24 23:22:57.573627,0.1373,0.14304619
2026-04-24 23:22:58.573627,0.1386,0.14078669
2026-04-24 23:22:59.573627,0.1393,0.14020978
2026-04-24 23:23:00.573627,0.1405,0.13914242
2026-04-24 23:23:01.573627,0.1419,0.1380023
2026-04-24 23:23:02.573627,0.1416,0.13969328
2026-04-24 23:23:03.573627,0.1414,0.14152893
2026-04-24 23:23:04.573627,0.1407,0.1424263
2026-04-24 23:23:05.573627,0.14,0.14363375
2026-04-24 23:23:06.573627,0.1392,0.1447261
2026-04-24 23:23:07.573627,0.1404,0.14390475
2026-04-24 23:23:08.573627,0.1415,0.14353687
2026-04-24 23:23:09.573627,0.1423,0.1425876
2026-04-24 23:23:10.573627,0.1427,0.14183678
2026-04-24 23:23:11.573627,0.1437,0.14075416
2026-04-24 23:23:12.573627,0.1439,0.14192565
2026-04-24 23:23:13.573627,0.1431,0.14335771
2026-04-24 23:23:14.573627,0.1428,0.14405227
2026-04-24 23:23:15.573627,0.1426,0.14432196
2026-04-24 23:23:16.573627,0.1424,0.14529003
2026-04-24 23:23:17.573627,0.1437,0.1454561
2026-04-24 23:23:18.573627,0.145,0.1444948
2026-04-24 23:23:19.573627,0.1464,0.14435974
2026-04-24 23:23:20.573627,0.148,0.14421035
2026-04-24 23:23:21.573627,0.1493,0.14403966
2026-04-24 23:23:22.573627,0.1508,0.14541417
2026-04-24 23:23:23.573627,0.1524,0.14687848
2026-04-24 23:23:24.573627,0.154,0.14837703
2026-04-24 23:23:25.573627,0.1554,0.15011702
2026-04-24 23:23:26.573627,0.1564,0.15134594
2026-04-24 23:23:27.573627,0.1571,0.15288414
2026-04-24 23:23:28.573627,0.158,0.15404788
2026-04-24 23:23:29.573627,0.159,0.15547106
2026-04-24 23:23:30.573627,0.1594,0.15670219
2026-04-24 23:23:31.573627,0.1603,0.15720674
2026-04-24 23:23:32.573627,0.1598,0.15764377
2026-04-24 23:23:33.573627,0.1589,0.15838395
2026-04-24 23:23:34.573627,0.1581,0.15937611
2026-04-24 23:23:35.573627,0.158,0.15958844
2026-04-24 23:23:36.573627,0.1571,0.16038822
2026-04-24 23:23:37.573627,0.1576,0.15940046
2026-04-24 23:23:38.573627,0.1575,0.15812135
2026-04-24 23:23:39.573627,0.1577,0.15708289
2026-04-24 23:23:40.573627,0.158,0.15684567
2026-04-24 23:23:41.573627,0.1583,0.1559912
2026-04-24 23:23:42.573627,0.1573,0.15652744
2026-04-24 23:23:43.573627,0.1567,0.15677871
2026-04-24 23:23:44.573627,0.1557,0.15672195
2026-04-24 23:23:45.573627,0.1549,0.15679981
2026-04-24 23:23:46.573627,0.1541,0.15709496
2026-04-24 23:23:47.573627,0.1541,0.15594865
2026-04-24 23:23:48.573627,0.1547,0.15553138
2026-04-24 23:23:49.573627,0.1548,0.15437996
2026-04-24 23:23:50.573627,0.1551,0.15371685
2026-04-24 23:23:51.573627,0.1551,0.15294147
2026-04-24 23:23:52.573627,0.1551,0.15332882
2026-04-24 23:23:53.573627,0.1543,0.15421116
2026-04-24 23:23:54.573627,0.154,0.15470506
2026-04-24 23:23:55.573627,0.1543,0.15498923
2026-04-24 23:23:56.573627,0.1534,0.15504181
2026-04-24 23:23:57.573627,0.1526,0.1547427
2026-04-24 23:23:58.573627,0.1521,0.15389863
2026-04-24 23:23:59.573627,0.151,0.15368806
2026-04-24 23:24:00.573627,0.1503,0.15395862
2026-04-24 23:24:01.573627,0.1498,0.15321966
2026-04-24 23:24:02.573627,0.1509,0.15248252
2026-04-24 23:24:03.573627,0.1521,0.15191863
2026-04-24 23:24:04.573627,0.1532,0.15078896
2026-04-24 23:24:05.573627,0.1547,0.15014276
2026-04-24 23:24:06.573627,0.1558,0.14952567
2026-04-24 23:24:07.573627,0.1552,0.15102284
2026-04-24 23:24:08.573627,0.1544,0.15265876
2026-04-24 23:24:09.573627,0.1539,0.15370563
2026-04-24 23:24:10.573627,0.1529,0.15505964
2026-04-24 23:24:11.573627,0.1519,0.15570182
2026-04-24 23:24:12.573627,0.152,0.15492864
2026-04-24 23:24:13.573627,0.1522,0.15402916
2026-04-24 23:24:14.573627,0.1523,0.1533257
2026-04-24 23:24:15.573627,0.1526,0.15230483
2026-04-24 23:24:16.573627,0.1526,0.15143616
2026-04-24 23:24:17.573627,0.1519,0.15186885
2026-04-24 23:24:18.573627,0.1517,0.15233755
2026-04-24 23:24:19.573627,0.1514,0.15256977
2026-04-24 23:24:20.573627,0.1511,0.15301542
2026-04-24 23:24:21.573627,0.1514,0.15297589
2026-04-24 23:24:22.573627,0.1502,0.15189165
2026-04-24 23:24:23.573627,0.1494,0.15155017
2026-04-24 23:24:24.573627,0.1489,0.15133108
2026-04-24 23:24:25.573627,0.148,0.15097442
2026-04-24 23:24:26.573627,0.147,0.15162401
2026-04-24 23:24:27.573627,0.1485,0.1502287
2026-04-24 23:24:28.573627,0.1559,0.14950374
2026-04-24 23:24:29.573627,0.157,0.14897178
2026-04-24 23:24:30.573627,0.1578,0.14834759
2026-04-24 23:24:31.573627,0.1586,0.14746216
2026-04-24 23:24:32.573627,0.1583,0.1490898
2026-04-24 23:24:33.573627,0.1578,0.15761378
2026-04-24 23:24:34.573627,0.1574,0.15860079
2026-04-24 23:24:35.573627,0.1571,0.15848015
2026-04-24 23:24:36.573627,0.1575,0.15865648
2026-04-24 23:24:37.573627,0.1573,0.15777214
2026-04-24 23:24:38.573627,0.1575,0.15695457
2026-04-24 23:24:39.573627,0.1569,0.1569221
2026-04-24 23:24:40.573627,0.1569,0.15653586
2026-04-24 23:24:41.573627,0.1569,0.1569758
2026-04-24 23:24:42.573627,0.155,0.15713994
2026-04-24 23:24:43.573627,0.1536,0.15740219
2026-04-24 23:24:44.573627,0.1516,0.15643376
2026-04-24 23:24:45.573627,0.1497,0.15597469
2026-04-24 23:24:46.573627,0.1479,0.15614946
2026-04-24 23:24:47.573627,0.1487,0.15419441
2026-04-24 23:24:48.573627,0.1492,0.15227811
2026-04-24 23:24:49.573627,0.1501,0.15034284
2026-04-24 23:24:50.573627,0.1505,0.14826383
2026-04-24 23:24:51.573627,0.151,0.14691222
2026-04-24 23:24:52.573627,0.1511,0.14816755
2026-04-24 23:24:53.573627,0.1512,0.14931597
2026-04-24 23:24:54.573627,0.1509,0.15048401
2026-04-24 23:24:55.573627,0.1509,0.15113084
2026-04-24 23:24:56.573627,0.1506,0.1516122
2026-04-24 23:24:57.573627,0.1501,0.15139025
2026-04-24 23:24:58.573627,0.15,0.15110536
2026-04-24 23:24:59.573627,0.1494,0.15032904
2026-04-24 23:25:00.573627,0.149,0.15029806
2026-04-24 23:25:01.573627,0.1482,0.15019701
2026-04-24 23:25:02.573627,0.1487,0.14967173
2026-04-24 23:25:03.573627,0.1494,0.1497438
2026-04-24 23:25:04.573627,0.1499,0.1491911
2026-04-24 23:25:05.573627,0.1501,0.14860405
2026-04-24 23:25:06.573627,0.1505,0.14754929
2026-04-24 23:25:07.573627,0.1497,0.14834897
2026-04-24 23:25:08.573627,0.1486,0.14964136
2026-04-24 23:25:09.573627,0.1481,0.15044287
2026-04-24 23:25:10.573627,0.1474,0.15066044
2026-04-24 23:25:11.573627,0.1464,0.15116158
2026-04-24 23:25:12.573627,0.1459,0.15011999
2026-04-24 23:25:13.573627,0.1451,0.1487183
2026-04-24 23:25:14.573627,0.1443,0.1476911
2026-04-24 23:25:15.573627,0.1437,0.14692712
2026-04-24 23:25:16.573627,0.1437,0.14613228
2026-04-24 23:25:17.573627,0.1455,0.14608215
2026-04-24 23:25:18.573627,0.1475,0.14524566
2026-04-24 23:25:19.573627,0.1495,0.1445175
2026-04-24 23:25:20.573627,0.151,0.1444682
2026-04-24 23:25:21.573627,0.1521,0.14454953
2026-04-24 23:25:22.573627,0.1513,0.14659868
2026-04-24 23:25:23.573627,0.1503,0.1491043
2026-04-24 23:25:24.573627,0.1498,0.15140794
2026-04-24 23:25:25.573627,0.1489,0.15278873
2026-04-24 23:25:26.573627,0.1484,0.1535747
2026-04-24 23:25:27.573627,0.1489,0.15216099
2026-04-24 23:25:28.573627,0.1493,0.15059522
2026-04-24 23:25:29.573627,0.1494,0.1496914
2026-04-24 23:25:30.573627,0.1499,0.14862753
2026-04-24 23:25:31.573627,0.1501,0.14818949
2026-04-24 23:25:32.573627,0.1487,0.14887226
2026-04-24 23:25:33.573627,0.1477,0.14957689
2026-04-24 23:25:34.573627,0.1464,0.14983867
2026-04-24 23:25:35.573627,0.1453,0.15034981
2026-04-24 23:25:36.573627,0.1448,0.15036845
2026-04-24 23:25:37.573627,0.1464,0.14864698
2026-04-24 23:25:38.573627,0.1481,0.14746334
2026-04-24 23:25:39.573627,0.1499,0.1459677
2026-04-24 23:25:40.573627,0.1512,0.14499573
2026-04-24 23:25:41.573627,0.1529,0.14474945
2026-04-24 23:25:42.573627,0.1532,0.14703593
2026-04-24 23:25:43.573627,0.1535,0.14956526
2026-04-24 23:25:44.573627,0.1531,0.1516808
2026-04-24 23:25:45.573627,0.1522,0.15279186
2026-04-24 23:25:46.573627,0.1526,0.15435801
2026-04-24 23:25:47.573627,0.1508,0.15440056
2026-04-24 23:25:48.573627,0.1495,0.15439197
2026-04-24 23:25:49.573627,0.1478,0.15352093
2026-04-24 23:25:50.573627,0.147,0.15248042
2026-04-24 23:25:51.573627,0.1458,0.15252942
2026-04-24 23:25:52.573627,0.1465,0.15069799
2026-04-24 23:25:53.573627,0.147,0.14904587
2026-04-24 23:25:54.573627,0.1477,0.14700334
2026-04-24 23:25:55.573627,0.1479,0.14639512
2026-04-24 23:25:56.573627,0.1482,0.14525202
2026-04-24 23:25:57.573627,0.1496,0.14622627
2026-04-24 23:25:58.573627,0.1508,0.14716841
2026-04-24 23:25:59.573627,0.1516,0.14815702
2026-04-24 23:26:00.573627,0.1533,0.14868039
2026-04-24 23:26:01.573627,0.1544,0.14915659
2026-04-24 23:26:02.573627,0.1533,0.15049885
2026-04-24 23:26:03.573627,0.1523,0.1519053
2026-04-24 23:26:04.573627,0.1512,0.15283827
2026-04-24 23:26:05.573627,0.1505,0.15464237
2026-04-24 23:26:06.573627,0.1491,0.15566868
2026-04-24 23:26:07.573627,0.1501,0.1541154
2026-04-24 23:26:08.573627,0.1513,0.15227766
2026-04-24 23:26:09.573627,0.1519,0.15108828
2026-04-24 23:26:10.573627,0.1527,0.15035425
2026-04-24 23:26:11.573627,0.1531,0.14917956
2026-04-24 23:26:12.573627,0.1537,0.15042178
2026-04-24 23:26:13.573627,0.1543,0.1521186
2026-04-24 23:26:14.573627,0.1549,0.15240097
2026-04-24 23:26:15.573627,0.1552,0.15322503
2026-04-24 23:26:16.573627,0.1557,0.15329142
2026-04-24 23:26:17.573627,0.1564,0.15389358
2026-04-24 23:26:18.573627,0.1982,0.15457459
2026-04-24 23:26:19.573627,0.1973,0.15526222
2026-04-24 23:26:20.573627,0.1966,0.1558698
2026-04-24 23:26:21.573627,0.1961,0.15640447
2026-04-24 23:26:22.573627,0.1944,0.15744145
2026-04-24 23:26:23.573627,0.1922,0.19311704
2026-04-24 23:26:24.573627,0.1908,0.19237104
2026-04-24 23:26:25.573627,0.1892,0.18998538
2026-04-24 23:26:26.573627,0.1871,0.18847932
2026-04-24 23:26:27.573627,0.1859,0.18788049
2026-04-24 23:26:28.573627,0.1847,0.18538344
2026-04-24 23:26:29.573627,0.1834,0.18396688
2026-04-24 23:26:30.573627,0.1815,0.1828338
2026-04-24 23:26:31.573627,0.1802,0.18143982
2026-04-24 23:26:32.573627,0.1789,0.18018408
2026-04-24 23:26:33.573627,0.1776,0.17899847
2026-04-24 23:26:34.573627,0.176,0.17736423
2026-04-24 23:26:35.573627,0.1738,0.1755609
2026-04-24 23:26:36.573627,0.1723,0.17445488
2026-04-24 23:26:37.573627,0.1723,0.17333272
2026-04-24 23:26:38.573627,0.1724,0.17190245
2026-04-24 23:26:39.573627,0.1722,0.17054689
2026-04-24 23:26:40.573627,0.172,0.16852257
2026-04-24 23:26:41.573627,0.1717,0.16672046
2026-04-24 23:26:42.573627,0.1715,0.16729552
2026-04-24 23:26:43.573627,0.1712,0.16818812
2026-04-24 23:26:44.573627,0.1708,0.1679248
2026-04-24 23:26:45.573627,0.1699,0.16803934
2026-04-24 23:26:46.573627,0.1695,0.16817689
2026-04-24 23:26:47.573627,0.1676,0.1683709
2026-04-24 23:26:48.573627,0.1664,0.16810217
2026-04-24 23:26:49.573627,0.1651,0.16764131
2026-04-24 23:26:50.573627,0.1635,0.16708681
2026-04-24 23:26:51.573627,0.1624,0.16674867
2026-04-24 23:26:52.573627,0.1078,0.16489276
2026-04-24 23:26:53.573627,0.1103,0.1637222
2026-04-24 23:26:54.573627,0.1125,0.16266541
2026-04-24 23:26:55.573627,0.1148,0.16129331
2026-04-24 23:26:56.573627,0.117,0.16014549
2026-04-24 23:26:57.573627,0.119,0.115328126
2026-04-24 23:26:58.573627,0.1211,0.11738381
2026-04-24 23:26:59.573627,0.1229,0.12034605
2026-04-24 23:27:00.573627,0.1252,0.1223586
2026-04-24 23:27:01.573627,0.1272,0.12399343
2026-04-24 23:27:02.573627,0.1275,0.12618406
2026-04-24 23:27:03.573627,0.1271,0.12721536
2026-04-24 23:27:04.573627,0.127,0.12961574
2026-04-24 23:27:05.573627,0.1265,0.13096893
2026-04-24 23:27:06.573627,0.1265,0.13288349
2026-04-24 23:27:07.573627,0.1265,0.13181664
2026-04-24 23:27:08.573627,0.127,0.13136248
2026-04-24 23:27:09.573627,0.1274,0.13125728
2026-04-24 23:27:10.573627,0.1275,0.13081914
2026-04-24 23:27:11.573627,0.1275,0.13018763
2026-04-24 23:27:12.573627,0.1286,0.13095239
2026-04-24 23:27:13.573627,0.1303,0.1305868
2026-04-24 23:27:14.573627,0.1317,0.13102655
2026-04-24 23:27:15.573627,0.1336,0.13086411
2026-04-24 23:27:16.573627,0.1346,0.13102618
2026-04-24 23:27:17.573627,0.1366,0.13203329
2026-04-24 23:27:18.573627,0.1384,0.13408443
2026-04-24 23:27:19.573627,0.1399,0.13516253
2026-04-24 23:27:20.573627,0.1418,0.13757403
2026-04-24 23:27:21.573627,0.144,0.13809122
2026-04-24 23:27:22.573627,0.1446,0.14001223
2026-04-24 23:27:23.573627,0.1445,0.1414134
2026-04-24 23:27:24.573627,0.1441,0.14272383
2026-04-24 23:27:25.573627,0.1444,0.14463612
2026-04-24 23:27:26.573627,0.1444,0.14673041
2026-04-24 23:27:27.573627,0.1457,0.14721538
2026-04-24 23:27:28.573627,0.1465,0.14685278
2026-04-24 23:27:29.573627,0.1476,0.14568177
2026-04-24 23:27:30.573627,0.1483,0.14597346
2026-04-24 23:27:31.573627,0.1495,0.14572161
2026-04-24 23:27:32.573627,0.1501,0.14699344
2026-04-24 23:27:33.573627,0.1511,0.14801739
2026-04-24 23:27:34.573627,0.1515,0.14901605
2026-04-24 23:27:35.573627,0.1521,0.14962444
2026-04-24 23:27:36.573627,0.153,0.15095478
2026-04-24 23:27:37.573627,0.1546,0.15116502
2026-04-24 23:27:38.573627,0.1555,0.15218313
2026-04-24 23:27:39.573627,0.1567,0.15231647
2026-04-24 23:27:40.573627,0.1577,0.15275581
2026-04-24 23:27:41.573627,0.1586,0.15361634
2026-04-24 23:27:42.573627,0.1579,0.15512866
2026-04-24 23:27:43.573627,0.1568,0.15591265
2026-04-24 23:27:44.573627,0.1554,0.15686549
2026-04-24 23:27:45.573627,0.1543,0.15779355
2026-04-24 23:27:46.573627,0.1539,0.15836369
2026-04-24 23:27:47.573627,0.1527,0.15736438
2026-04-24 23:27:48.573627,0.1518,0.15575328
2026-04-24 23:27:49.573627,0.1513,0.15381573
2026-04-24 23:27:50.573627,0.15,0.15283582
2026-04-24 23:27:51.573627,0.1494,0.15263553
2026-04-24 23:27:52.573627,0.1491,0.15189475
2026-04-24 23:27:53.573627,0.1485,0.15084174
2026-04-24 23:27:54.573627,0.1485,0.15069485
2026-04-24 23:27:55.573627,0.1482,0.14953366
2026-04-24 23:27:56.573627,0.148,0.1491674
2026-04-24 23:27:57.573627,0.1464,0.14905505
2026-04-24 23:27:58.573627,0.1452,0.14859487
2026-04-24 23:27:59.573627,0.1438,0.14854503
2026-04-24 23:28:00.573627,0.1424,0.14846635
2026-04-24 23:28:01.573627,0.1411,0.1484261
2026-04-24 23:28:02.573627,0.1409,0.14687824
2026-04-24 23:28:03.573627,0.1407,0.14546432
2026-04-24 23:28:04.573627,0.1404,0.14447877
2026-04-24 23:28:05.573627,0.1408,0.1431336
2026-04-24 23:28:06.573627,0.1408,0.14199877
2026-04-24 23:28:07.573627,0.1405,0.1421469
2026-04-24 23:28:08.573627,0.14,0.14223391
2026-04-24 23:28:09.573627,0.1403,0.14194867
2026-04-24 23:28:10.573627,0.1401,0.14254525
2026-04-24 23:28:11.573627,0.1402,0.14263326
2026-04-24 23:28:12.573627,0.14,0.1423602
2026-04-24 23:28:13.573627,0.14,0.14194041
2026-04-24 23:28:14.573627,0.14,0.14218424
2026-04-24 23:28:15.573627,0.1403,0.14196877
2026-04-24 23:28:16.573627,0.1403,0.14208762
2026-04-24 23:28:17.573627,0.1418,0.14188461
2026-04-24 23:28:18.573627,0.1432,0.14191774
2026-04-24 23:28:19.573627,0.1444,0.14166558
2026-04-24 23:28:20.573627,0.1454,0.14225091
2026-04-24 23:28:21.573627,0.1466,0.14232174
2026-04-24 23:28:22.573627,0.1476,0.1438929
2026-04-24 23:28:23.573627,0.1489,0.14550579
2026-04-24 23:28:24.573627,0.15,0.14651175
2026-04-24 23:28:25.573627,0.1509,0.1472039
2026-04-24 23:28:26.573627,0.1517,0.14796667
2026-04-24 23:28:27.573627,0.1507,0.14880408
2026-04-24 23:28:28.573627,0.1503,0.15016615
2026-04-24 23:28:29.573627,0.1486,0.15116338
2026-04-24 23:28:30.573627,0.148,0.15194385
2026-04-24 23:28:31.573627,0.1473,0.15261798
2026-04-24 23:28:32.573627,0.1487,0.15138905
2026-04-24 23:28:33.573627,0.1494,0.15074848
2026-04-24 23:28:34.573627,0.1508,0.14870878
2026-04-24 23:28:35.573627,0.1513,0.14796582
2026-04-24 23:28:36.573627,0.1522,0.14740965
2026-04-24 23:28:37.573627,0.1538,0.1493545
2026-04-24 23:28:38.573627,0.1549,0.15065211
2026-04-24 23:28:39.573627,0.1558,0.15230533
2026-04-24 23:28:40.573627,0.157,0.15276529
2026-04-24 23:28:41.573627,0.1581,0.153562
2026-04-24 23:28:42.573627,0.1573,0.15486655
2026-04-24 23:28:43.573627,0.1567,0.15574573
2026-04-24 23:28:44.573627,0.1564,0.15634581
2026-04-24 23:28:45.573627,0.1563,0.15720367
2026-04-24 23:28:46.573627,0.1564,0.1580255
2026-04-24 23:28:47.573627,0.1567,0.15706575
2026-04-24 23:28:48.573627,0.1569,0.15609558
2026-04-24 23:28:49.573627,0.1574,0.155822
2026-04-24 23:28:50.573627,0.1575,0.15598772
2026-04-24 23:28:51.573627,0.1577,0.1561496
2026-04-24 23:28:52.573627,0.1569,0.15634418
2026-04-24 23:28:53.573627,0.1563,0.15703185
2026-04-24 23:28:54.573627,0.1555,0.15769026
2026-04-24 23:28:55.573627,0.1551,0.15743898
2026-04-24 23:28:56.573627,0.1545,0.15746184
2026-04-24 23:28:57.573627,0.1527,0.15653284
2026-04-24 23:28:58.573627,0.1513,0.15554367
2026-04-24 23:28:59.573627,0.1499,0.15479624
2026-04-24 23:29:00.573627,0.1487,0.15466654
2026-04-24 23:29:01.573627,0.147,0.1541037
2026-04-24 23:29:02.573627,0.146,0.15205966
2026-04-24 23:29:03.573627,0.1448,0.15042536
2026-04-24 23:29:04.573627,0.1439,0.14903171
2026-04-24 23:29:05.573627,0.1431,0.14758314
2026-04-24 23:29:06.573627,0.1427,0.14618252
2026-04-24 23:29:07.573627,0.1425,0.1454562
2026-04-24 23:29:08.573627,0.1418,0.14437456
2026-04-24 23:29:09.573627,0.1413,0.14372282
2026-04-24 23:29:10.573627,0.1405,0.14291629
2026-04-24 23:29:11.573627,0.1406,0.14310127
2026-04-24 23:29:12.573627,0.1396,0.1435791
2026-04-24 23:29:13.573627,0.1391,0.14319763
2026-04-24 23:29:14.573627,0.1385,0.14266677
2026-04-24 23:29:15.573627,0.1379,0.14214633
2026-04-24 23:29:16.573627,0.1373,0.14244041
2026-04-24 23:29:17.573627,0.1381,0.14150052
2026-04-24 23:29:18.573627,0.1384,0.14111651
2026-04-24 23:29:19.573627,0.1385,0.14068234
2026-04-24 23:29:20.573627,0.139,0.14011708
2026-04-24 23:29:21.573627,0.1395,0.13958721
2026-04-24 23:29:22.573627,0.1405,0.14025027
2026-04-24 23:29:23.573627,0.1411,0.14067824
2026-04-24 23:29:24.573627,0.1428,0.14098935
2026-04-24 23:29:25.573627,0.1436,0.14148661
2026-04-24 23:29:26.573627,0.1448,0.1420779
2026-04-24 23:29:27.573627,0.1436,0.14324023
2026-04-24 23:29:28.573627,0.1431,0.1438411
2026-04-24 23:29:29.573627,0.1425,0.14548396
2026-04-24 23:29:30.573627,0.1419,0.14633381
2026-04-24 23:29:31.573627,0.1412,0.14701428
2026-04-24 23:29:32.573627,0.1419,0.14520968
2026-04-24 23:29:33.573627,0.1428,0.14440778
2026-04-24 23:29:34.573627,0.1434,0.14386351
2026-04-24 23:29:35.573627,0.1442,0.14314935
2026-04-24 23:29:36.573627,0.1449,0.14262423
2026-04-24 23:29:37.573627,0.1445,0.14348741
2026-04-24 23:29:38.573627,0.1446,0.14437379
2026-04-24 23:29:39.573627,0.1446,0.14517651
2026-04-24 23:29:40.573627,0.1449,0.1456422
2026-04-24 23:29:41.573627,0.1443,0.14641275
2026-04-24 23:29:42.573627,0.1441,0.14584258
2026-04-24 23:29:43.573627,0.1439,0.14580977
2026-04-24 23:29:44.573627,0.0989,0.14560193
2026-04-24 23:29:45.573627,0.0996,0.14601676
2026-04-24 23:29:46.573627,0.1009,0.14567667
2026-04-24 23:29:47.573627,0.103,0.14532433
2026-04-24 23:29:48.573627,0.1047,0.1450374
2026-04-24 23:29:49.573627,0.1062,0.10830185
2026-04-24 23:29:50.573627,0.108,0.109201
2026-04-24 23:29:51.573627,0.1168,0.1114728
2026-04-24 23:29:52.573627,0.1187,0.11349591
2026-04-24 23:29:53.573627,0.1207,0.11611375
2026-04-24 23:29:54.573627,0.1228,0.11732874
2026-04-24 23:29:55.573627,0.1249,0.11831966
2026-04-24 23:29:56.573627,0.1268,0.1260413
2026-04-24 23:29:57.573627,0.1265,0.12656938
2026-04-24 23:29:58.573627,0.1268,0.1274423
2026-04-24 23:29:59.573627,0.1268,0.12814654
2026-04-24 23:30:00.573627,0.1267,0.13017544
2026-04-24 23:30:01.573627,0.1267,0.13148841
2026-04-24 23:30:02.573627,0.1264,0.13135062
2026-04-24 23:30:03.573627,0.1264,0.13055782
2026-04-24 23:30:04.573627,0.1266,0.13135363
2026-04-24 23:30:05.573627,0.1296,0.1303619
2026-04-24 23:30:06.573627,0.1296,0.13043015
2026-04-24 23:30:07.573627,0.1289,0.13015328
2026-04-24 23:30:08.573627,0.1282,0.13021994
2026-04-24 23:30:09.573627,0.1279,0.13053276
2026-04-24 23:30:10.573627,0.1281,0.1337966
2026-04-24 23:30:11.573627,0.1279,0.13356832
2026-04-24 23:30:12.573627,0.1273,0.13253175
2026-04-24 23:30:13.573627,0.1271,0.13121691
2026-04-24 23:30:14.573627,0.126,0.13125303
2026-04-24 23:30:15.573627,0.1253,0.13138533
2026-04-24 23:30:16.573627,0.125,0.1316617
2026-04-24 23:30:17.573627,0.1249,0.13143046
2026-04-24 23:30:18.573627,0.1251,0.13153389
2026-04-24 23:30:19.573627,0.1256,0.13037637
2026-04-24 23:30:20.573627,0.126,0.13006774
2026-04-24 23:30:21.573627,0.1259,0.12951039
2026-04-24 23:30:22.573627,0.1264,0.12940119
2026-04-24 23:30:23.573627,0.1273,0.12962338
2026-04-24 23:30:24.573627,0.1285,0.13024697
2026-04-24 23:30:25.573627,0.1288,0.13041109
2026-04-24 23:30:26.573627,0.1294,0.13028142
2026-04-24 23:30:27.573627,0.1309,0.13062485
2026-04-24 23:30:28.573627,0.1318,0.13160518
2026-04-24 23:30:29.573627,0.1334,0.13258728
2026-04-24 23:30:30.573627,0.1347,0.13318677
2026-04-24 23:30:31.573627,0.1361,0.13351266
2026-04-24 23:30:32.573627,0.1374,0.13491653
2026-04-24 23:30:33.573627,0.1386,0.13559264
2026-04-24 23:30:34.573627,0.1399,0.13718992
2026-04-24 23:30:35.573627,0.1403,0.13867542
2026-04-24 23:30:36.573627,0.1413,0.13998023
2026-04-24 23:30:37.573627,0.143,0.1412893
2026-04-24 23:30:38.573627,0.1444,0.14217658
2026-04-24 23:30:39.573627,0.1456,0.14310247
2026-04-24 23:30:40.573627,0.1466,0.14305222
2026-04-24 23:30:41.573627,0.1488,0.14375779
2026-04-24 23:30:42.573627,0.1478,0.14573668
2026-04-24 23:30:43.573627,0.1464,0.14681548
2026-04-24 23:30:44.573627,0.1448,0.14782986
2026-04-24 23:30:45.573627,0.143,0.14885052
2026-04-24 23:30:46.573627,0.1418,0.15080474
2026-04-24 23:30:47.573627,0.1419,0.14967704
2026-04-24 23:30:48.573627,0.1419,0.14744428
2026-04-24 23:30:49.573627,0.1417,0.14530805
2026-04-24 23:30:50.573627,0.1416,0.14343897
2026-04-24 23:30:51.573627,0.1409,0.14229894
2026-04-24 23:30:52.573627,0.1423,0.14283293
2026-04-24 23:30:53.573627,0.1439,0.14291564
2026-04-24 23:30:54.573627,0.1452,0.14249973
2026-04-24 23:30:55.573627,0.1462,0.14237829
2026-04-24 23:30:56.573627,0.1469,0.14142445
2026-04-24 23:30:57.573627,0.1466,0.14275374
2026-04-24 23:30:58.573627,0.1462,0.1448469
2026-04-24 23:30:59.573627,0.1461,0.1463146
2026-04-24 23:31:00.573627,0.1462,0.147532
2026-04-24 23:31:01.573627,0.1464,0.1486233
2026-04-24 23:31:02.573627,0.1481,0.14814681
2026-04-24 23:31:03.573627,0.1494,0.14731279
2026-04-24 23:31:04.573627,0.1508,0.14719613
2026-04-24 23:31:05.573627,0.1527,0.14726673
2026-04-24 23:31:06.573627,0.1539,0.14749414
2026-04-24 23:31:07.573627,0.1529,0.14949521
2026-04-24 23:31:08.573627,0.1518,0.15091464
2026-04-24 23:31:09.573627,0.1503,0.15216927
2026-04-24 23:31:10.573627,0.1493,0.15379876
2026-04-24 23:31:11.573627,0.1482,0.15458484
2026-04-24 23:31:12.573627,0.1472,0.15313618
2026-04-24 23:31:13.573627,0.1463,0.15136407
2026-04-24 23:31:14.573627,0.1446,0.14938378
2026-04-24 23:31:15.573627,0.1434,0.1482142
2026-04-24 23:31:16.573627,0.142,0.14726198
2026-04-24 23:31:17.573627,0.1419,0.14654353
2026-04-24 23:31:18.573627,0.142,0.145951
2026-04-24 23:31:19.573627,0.142,0.14440668
2026-04-24 23:31:20.573627,0.1415,0.14311257
2026-04-24 23:31:21.573627,0.1417,0.1420453
2026-04-24 23:31:22.573627,0.141,0.14253467
2026-04-24 23:31:23.573627,0.14,0.1432425
2026-04-24 23:31:24.573627,0.1395,0.14338751
2026-04-24 23:31:25.573627,0.1381,0.14295548
2026-04-24 23:31:26.573627,0.1376,0.14335787
2026-04-24 23:31:27.573627,0.139,0.14275515
2026-04-24 23:31:28.573627,0.1406,0.14168367
2026-04-24 23:31:29.573627,0.1418,0.14091869
2026-04-24 23:31:30.573627,0.1431,0.13987797
2026-04-24 23:31:31.573627,0.1449,0.13941744
2026-04-24 23:31:32.573627,0.1464,0.1407468
2026-04-24 23:31:33.573627,0.1483,0.1431491
2026-04-24 23:31:34.573627,0.1496,0.14452377
2026-04-24 23:31:35.573627,0.1511,0.14580157
2026-04-24 23:31:36.573627,0.1248,0.1474185
2026-04-24 23:31:37.573627,0.1257,0.14860564
2026-04-24 23:31:38.573627,0.1265,0.15007062
2026-04-24 23:31:39.573627,0.1269,0.15103655
2026-04-24 23:31:40.573627,0.1271,0.15257774
2026-04-24 23:31:41.573627,0.1277,0.1260526
2026-04-24 23:31:42.573627,0.1271,0.12642935
2026-04-24 23:31:43.573627,0.1262,0.12891406
2026-04-24 23:31:44.573627,0.1253,0.1299578
2026-04-24 23:31:45.573627,0.1246,0.13078974
2026-04-24 23:31:46.573627,0.1232,0.13178548
2026-04-24 23:31:47.573627,0.1247,0.13058414
2026-04-24 23:31:48.573627,0.1264,0.13005392
2026-04-24 23:31:49.573627,0.1278,0.12847272
2026-04-24 23:31:50.573627,0.1292,0.12830566
2026-04-24 23:31:51.573627,0.1304,0.12695749
2026-04-24 23:31:52.573627,0.1302,0.12858675
2026-04-24 23:31:53.573627,0.1304,0.13108125
2026-04-24 23:31:54.573627,0.1305,0.13302085
2026-04-24 23:31:55.573627,0.1301,0.1336129
2026-04-24 23:31:56.573627,0.1307,0.13503602
2026-04-24 23:31:57.573627,0.1301,0.1336325
2026-04-24 23:31:58.573627,0.1293,0.13318527
2026-04-24 23:31:59.573627,0.1286,0.13280228
2026-04-24 23:32:00.573627,0.1281,0.13278662
2026-04-24 23:32:01.573627,0.1274,0.13356213
2026-04-24 23:32:02.573627,0.128,0.13336672
2026-04-24 23:32:03.573627,0.1285,0.13279162
2026-04-24 23:32:04.573627,0.1289,0.1321
2026-04-24 23:32:05.573627,0.1292,0.13157022
2026-04-24 23:32:06.573627,0.1291,0.13089313
2026-04-24 23:32:07.573627,0.1286,0.13143967
2026-04-24 23:32:08.573627,0.1286,0.13216065
2026-04-24 23:32:09.573627,0.1284,0.13268736
2026-04-24 23:32:10.573627,0.1286,0.1331562
2026-04-24 23:32:11.573627,0.1287,0.13292985
2026-04-24 23:32:12.573627,0.129,0.13243559
2026-04-24 23:32:13.573627,0.1296,0.13240193
2026-04-24 23:32:14.573627,0.1293,0.13191095
2026-04-24 23:32:15.573627,0.1289,0.13226032
2026-04-24 23:32:16.573627,0.1288,0.13236521
2026-04-24 23:32:17.573627,0.1294,0.13253531
2026-04-24 23:32:18.573627,0.1297,0.13319914
2026-04-24 23:32:19.573627,0.1298,0.13281101
2026-04-24 23:32:20.573627,0.1302,0.13219944
2026-04-24 23:32:21.573627,0.1307,0.1322833
2026-04-24 23:32:22.573627,0.1294,0.13303371
2026-04-24 23:32:23.573627,0.1282,0.1331992
2026-04-24 23:32:24.573627,0.1276,0.13307363
2026-04-24 23:32:25.573627,0.1269,0.13349886
2026-04-24 23:32:26.573627,0.1263,0.13370118
2026-04-24 23:32:27.573627,0.1281,0.13196084
2026-04-24 23:32:28.573627,0.1296,0.1306543
2026-04-24 23:32:29.573627,0.131,0.13013461
2026-04-24 23:32:30.573627,0.1325,0.1295209
2026-04-24 23:32:31.573627,0.1335,0.12926152
2026-04-24 23:32:32.573627,0.1334,0.13110964
2026-04-24 23:32:33.573627,0.1334,0.13312972
2026-04-24 23:32:34.573627,0.1338,0.1347703
2026-04-24 23:32:35.573627,0.1342,0.13629459
2026-04-24 23:32:36.573627,0.1348,0.13703077
2026-04-24 23:32:37.573627,0.1361,0.13672683
2026-04-24 23:32:38.573627,0.1302,0.13617758
2026-04-24 23:32:39.573627,0.1314,0.13664718
2026-04-24 23:32:40.573627,0.133,0.13706526
2026-04-24 23:32:41.573627,0.1348,0.13777344
2026-04-24 23:32:42.573627,0.1356,0.1393605
2026-04-24 23:32:43.573627,0.1364,0.13277896
2026-04-24 23:32:44.573627,0.1373,0.13331549
2026-04-24 23:32:45.573627,0.1383,0.13583264
2026-04-24 23:32:46.573627,0.1392,0.13789473
2026-04-24 23:32:47.573627,0.139,0.13875893
2026-04-24 23:32:48.573627,0.1385,0.13942812
2026-04-24 23:32:49.573627,0.1381,0.13996542
2026-04-24 23:32:50.573627,0.1375,0.14115769
2026-04-24 23:32:51.573627,0.1366,0.14165917
2026-04-24 23:32:52.573627,0.1372,0.14112478
2026-04-24 23:32:53.573627,0.1379,0.14024971
2026-04-24 23:32:54.573627,0.139,0.13990363
2026-04-24 23:32:55.573627,0.1402,0.13950814
2026-04-24 23:32:56.573627,0.1411,0.13853289
2026-04-24 23:32:57.573627,0.1406,0.13932124
2026-04-24 23:32:58.573627,0.1401,0.13998406
2026-04-24 23:32:59.573627,0.1401,0.1408406
2026-04-24 23:33:00.573627,0.1397,0.14189738
2026-04-24 23:33:01.573627,0.1391,0.14241448
2026-04-24 23:33:02.573627,0.1381,0.14128792
2026-04-24 23:33:03.573627,0.1383,0.14063178
2026-04-24 23:33:04.573627,0.1376,0.14070788
2026-04-24 23:33:05.573627,0.137,0.14044908
2026-04-24 23:33:06.573627,0.1373,0.14009912
2026-04-24 23:33:07.573627,0.1386,0.13937126
2026-04-24 23:33:08.573627,0.1396,0.13968055
2026-04-24 23:33:09.573627,0.1403,0.13919409
2026-04-24 23:33:10.573627,0.1407,0.13862474
2026-04-24 23:33:11.573627,0.1413,0.13888393
2026-04-24 23:33:12.573627,0.1411,0.1404595
2026-04-24 23:33:13.573627,0.1405,0.14186601
2026-04-24 23:33:14.573627,0.1401,0.14235729
2026-04-24 23:33:15.573627,0.1397,0.14254947
2026-04-24 23:33:16.573627,0.1394,0.14295283
2026-04-24 23:33:17.573627,0.1393,0.14261943
2026-04-24 23:33:18.573627,0.1393,0.14204842
2026-04-24 23:33:19.573627,0.139,0.14159119
2026-04-24 23:33:20.573627,0.1381,0.14127946
2026-04-24 23:33:21.573627,0.1381,0.14097108
2026-04-24 23:33:22.573627,0.1375,0.14101854
2026-04-24 23:33:23.573627,0.1367,0.14099994
2026-04-24 23:33:24.573627,0.1363,0.14068462
2026-04-24 23:33:25.573627,0.1358,0.13979791
2026-04-24 23:33:26.573627,0.1357,0.13980867
2026-04-24 23:33:27.573627,0.137,0.13930765
2026-04-24 23:33:28.573627,0.1383,0.13810176
2026-04-24 23:33:29.573627,0.1395,0.1374995
2026-04-24 23:33:30.573627,0.1402,0.13694805
2026-04-24 23:33:31.573627,0.1411,0.13716176
2026-04-24 23:33:32.573627,0.1425,0.13861732
2026-04-24 23:33:33.573627,0.144,0.14041387
2026-04-24 23:33:34.573627,0.1447,0.14174818
2026-04-24 23:33:35.573627,0.1456,0.14228287
2026-04-24 23:33:36.573627,0.1465,0.14293534
2026-04-24 23:33:37.573627,0.147,0.14424498
2026-04-24 23:33:38.573627,0.1476,0.14571571
2026-04-24 23:33:39.573627,0.1484,0.14617847
2026-04-24 23:33:40.573627,0.1493,0.14661755
2026-04-24 23:33:41.573627,0.1491,0.14711653
2026-04-24 23:33:42.573627,0.1507,0.14732179
2026-04-24 23:33:43.573627,0.1518,0.14765096
2026-04-24 23:33:44.573627,0.1535,0.14825526
2026-04-24 23:33:45.573627,0.1547,0.14917423
2026-04-24 23:33:46.573627,0.156,0.148873
2026-04-24 23:33:47.573627,0.1561,0.1503729
2026-04-24 23:33:48.573627,0.1556,0.15170366
2026-04-24 23:33:49.573627,0.1548,0.15385224
2026-04-24 23:33:50.573627,0.1551,0.15498109
2026-04-24 23:33:51.573627,0.1549,0.15607217
2026-04-24 23:33:52.573627,0.1553,0.15598917
2026-04-24 23:33:53.573627,0.1559,0.15500242
2026-04-24 23:33:54.573627,0.1562,0.1538376
2026-04-24 23:33:55.573627,0.1567,0.15430832
2026-04-24 23:33:56.573627,0.1573,0.15418464
2026-04-24 23:33:57.573627,0.1571,0.15475515
2026-04-24 23:33:58.573627,0.1575,0.1555496
2026-04-24 23:33:59.573627,0.1581,0.15582184
2026-04-24 23:34:00.573627,0.1583,0.15591499
2026-04-24 23:34:01.573627,0.1587,0.1564297
2026-04-24 23:34:02.573627,0.1592,0.1557427
2026-04-24 23:34:03.573627,0.1589,0.1558889
2026-04-24 23:34:04.573627,0.1592,0.15662806
2026-04-24 23:34:05.573627,0.1595,0.15679851
2026-04-24 23:34:06.573627,0.1589,0.15710439
2026-04-24 23:34:07.573627,0.1577,0.15752552
2026-04-24 23:34:08.573627,0.1565,0.15722838
2026-04-24 23:34:09.573627,0.1556,0.15727775
2026-04-24 23:34:10.573627,0.1548,0.15747562
2026-04-24 23:34:11.573627,0.1538,0.15691812
2026-04-24 23:34:12.573627,0.154,0.15559866
2026-04-24 23:34:13.573627,0.1538,0.1544826
2026-04-24 23:34:14.573627,0.1543,0.15368493
2026-04-24 23:34:15.573627,0.1541,0.15276352
2026-04-24 23:34:16.573627,0.1544,0.15151489
2026-04-24 23:34:17.573627,0.153,0.15192935
2026-04-24 23:34:18.573627,0.1519,0.15176664
2026-04-24 23:34:19.573627,0.1508,0.15250817
2026-04-24 23:34:20.573627,0.1495,0.15269713
2026-04-24 23:34:21.573627,0.1484,0.15318093
2026-04-24 23:34:22.573627,0.1475,0.15168725
2026-04-24 23:34:23.573627,0.1466,0.15022916
2026-04-24 23:34:24.573627,0.1454,0.14928663
2026-04-24 23:34:25.573627,0.145,0.14805475
2026-04-24 23:34:26.573627,0.1442,0.1469163
2026-04-24 23:34:27.573627,0.1438,0.1462555
2026-04-24 23:34:28.573627,0.1435,0.14559957
2026-04-24 23:34:29.573627,0.1432,0.14444862
2026-04-24 23:34:30.573627,0.1427,0.14422594
2026-04-24 23:34:31.573627,0.142,0.14359125
2026-04-24 23:34:32.573627,0.1424,0.14306936
2026-04-24 23:34:33.573627,0.1432,0.14292186
2026-04-24 23:34:34.573627,0.1439,0.14281292
2026-04-24 23:34:35.573627,0.1445,0.1425388
2026-04-24 23:34:36.573627,0.1452,0.14185944
2026-04-24 23:34:37.573627,0.1467,0.14293881
2026-04-24 23:34:38.573627,0.148,0.1439424
2026-04-24 23:34:39.573627,0.1484,0.14481689
2026-04-24 23:34:40.573627,0.1489,0.1451482
2026-04-24 23:34:41.573627,0.1496,0.14569351
2026-04-24 23:34:42.573627,0.1495,0.14715923
2026-04-24 23:34:43.573627,0.1497,0.14846359
2026-04-24 23:34:44.573627,0.1496,0.14866458
2026-04-24 23:34:45.573627,0.1497,0.14919564
2026-04-24 23:34:46.573627,0.149,0.14976077
2026-04-24 23:34:47.573627,0.1486,0.14924501
2026-04-24 23:34:48.573627,0.1477,0.14927462
2026-04-24 23:34:49.573627,0.1471,0.14906974
2026-04-24 23:34:50.573627,0.1467,0.14905743
2026-04-24 23:34:51.573627,0.1464,0.1482444
2026-04-24 23:34:52.573627,0.1468,0.14760889
2026-04-24 23:34:53.573627,0.1471,0.14705215
2026-04-24 23:34:54.573627,0.1472,0.14635408
2026-04-24 23:34:55.573627,0.1473,0.14635164
2026-04-24 23:34:56.573627,0.1477,0.1458201
2026-04-24 23:34:57.573627,0.1471,0.14630523
2026-04-24 23:34:58.573627,0.1463,0.14695282
2026-04-24 23:34:59.573627,0.1456,0.1471898
2026-04-24 23:35:00.573627,0.1452,0.14747041
2026-04-24 23:35:01.573627,0.1449,0.14826553
2026-04-24 23:35:02.573627,0.144,0.1476725
2026-04-24 23:35:03.573627,0.1431,0.14659156
2026-04-24 23:35:04.573627,0.1426,0.14602983
2026-04-24 23:35:05.573627,0.1421,0.14553034
2026-04-24 23:35:06.573627,0.141,0.1451242
2026-04-24 23:35:07.573627,0.1413,0.14431342
2026-04-24 23:35:08.573627,0.1426,0.14341898
2026-04-24 23:35:09.573627,0.1433,0.14277475
2026-04-24 23:35:10.573627,0.1433,0.14211825
2026-04-24 23:35:11.573627,0.1439,0.14093934
2026-04-24 23:35:12.573627,0.1437,0.14132237
2026-04-24 23:35:13.573627,0.1432,0.14308026
2026-04-24 23:35:14.573627,0.1429,0.1441716
2026-04-24 23:35:15.573627,0.1428,0.1442109
2026-04-24 23:35:16.573627,0.1426,0.14501701
2026-04-24 23:35:17.573627,0.1443,0.14498806
2026-04-24 23:35:18.573627,0.1457,0.14413825
2026-04-24 23:35:19.573627,0.1466,0.14345072
2026-04-24 23:35:20.573627,0.1486,0.14313436
2026-04-24 23:35:21.573627,0.15,0.14302032
2026-04-24 23:35:22.573627,0.1483,0.14478575
2026-04-24 23:35:23.573627,0.1473,0.14651464
2026-04-24 23:35:24.573627,0.1462,0.14729661
2026-04-24 23:35:25.573627,0.1452,0.14935216
2026-04-24 23:35:26.573627,0.1438,0.15067123
2026-04-24 23:35:27.573627,0.1444,0.14844745
2026-04-24 23:35:28.573627,0.1458,0.14703177
2026-04-24 23:35:29.573627,0.1469,0.14600396
2026-04-24 23:35:30.573627,0.1477,0.14507043
2026-04-24 23:35:31.573627,0.1479,0.14380251
2026-04-24 23:35:32.573627,0.1486,0.14487605
2026-04-24 23:35:33.573627,0.1493,0.14712298
2026-04-24 23:35:34.573627,0.1495,0.14824721
2026-04-24 23:35:35.573627,0.1503,0.14866203
2026-04-24 23:35:36.573627,0.1501,0.14835167
2026-04-24 23:35:37.573627,0.1492,0.14868292
2026-04-24 23:35:38.573627,0.1484,0.14938675
2026-04-24 23:35:39.573627,0.1478,0.14945479
2026-04-24 23:35:40.573627,0.1481,0.15013401
2026-04-24 23:35:41.573627,0.148,0.15005554
2026-04-24 23:35:42.573627,0.1473,0.14892802
2026-04-24 23:35:43.573627,0.1467,0.14760774
2026-04-24 23:35:44.573627,0.1459,0.14675795
2026-04-24 23:35:45.573627,0.1451,0.14728795
2026-04-24 23:35:46.573627,0.1451,0.14734603
2026-04-24 23:35:47.573627,0.1451,0.146577
2026-04-24 23:35:48.573627,0.145,0.14598285
2026-04-24 23:35:49.573627,0.145,0.1454388
2026-04-24 23:35:50.573627,0.1448,0.14455768
2026-04-24 23:35:51.573627,0.1443,0.14453097
2026-04-24 23:35:52.573627,0.1445,0.14457826
2026-04-24 23:35:53.573627,0.1451,0.14461768
2026-04-24 23:35:54.573627,0.1458,0.14474139
2026-04-24 23:35:55.573627,0.1465,0.14467902
2026-04-24 23:35:56.573627,0.1473,0.144378
2026-04-24 23:35:57.573627,0.149,0.14463769
2026-04-24 23:35:58.573627,0.1497,0.14541894
2026-04-24 23:35:59.573627,0.151,0.14612816
2026-04-24 23:36:00.573627,0.1524,0.14684471
2026-04-24 23:36:01.573627,0.1536,0.14737953
2026-04-24 23:36:02.573627,0.1533,0.14899468
2026-04-24 23:36:03.573627,0.1532,0.14982525
2026-04-24 23:36:04.573627,0.1529,0.15094876
2026-04-24 23:36:05.573627,0.1526,0.15243183
2026-04-24 23:36:06.573627,0.1525,0.15336536
2026-04-24 23:36:07.573627,0.1536,0.15269908
2026-04-24 23:36:08.573627,0.1542,0.15244335
2026-04-24 23:36:09.573627,0.1554,0.15186512
2026-04-24 23:36:10.573627,0.1562,0.15174413
2026-04-24 23:36:11.573627,0.157,0.15151936
2026-04-24 23:36:12.573627,0.1564,0.15319325
2026-04-24 23:36:13.573627,0.1563,0.15411955
2026-04-24 23:36:14.573627,0.1558,0.15515748
2026-04-24 23:36:15.573627,0.1556,0.15555143
2026-04-24 23:36:16.573627,0.1558,0.15593031
2026-04-24 23:36:17.573627,0.1565,0.15532452
2026-04-24 23:36:18.573627,0.1569,0.15498593
2026-04-24 23:36:19.573627,0.1237,0.15403453
2026-04-24 23:36:20.573627,0.1252,0.15377398
2026-04-24 23:36:21.573627,0.1261,0.15417063
2026-04-24 23:36:22.573627,0.1261,0.15492201
2026-04-24 23:36:23.573627,0.1266,0.1550585
2026-04-24 23:36:24.573627,0.1268,0.123182796
2026-04-24 23:36:25.573627,0.1271,0.12469766
2026-04-24 23:36:26.573627,0.1273,0.12712479
2026-04-24 23:36:27.573627,0.1266,0.12785546
2026-04-24 23:36:28.573627,0.1262,0.12904328
2026-04-24 23:36:29.573627,0.1255,0.12995832
2026-04-24 23:36:30.573627,0.1251,0.12984158
2026-04-24 23:36:31.573627,0.1246,0.13028613
2026-04-24 23:36:32.573627,0.1257,0.12962049
2026-04-24 23:36:33.573627,0.1266,0.12882453
2026-04-24 23:36:34.573627,0.1271,0.12795615
2026-04-24 23:36:35.573627,0.1275,0.12779225
2026-04-24 23:36:36.573627,0.1283,0.12764394
2026-04-24 23:36:37.573627,0.1295,0.12936194
2026-04-24 23:36:38.573627,0.1309,0.12995361
2026-04-24 23:36:39.573627,0.1321,0.13075475
2026-04-24 23:36:40.573627,0.1336,0.13053863
2026-04-24 23:36:41.573627,0.1347,0.13133258
2026-04-24 23:36:42.573627,0.1343,0.1323472
2026-04-24 23:36:43.573627,0.1342,0.13377167
2026-04-24 23:36:44.573627,0.1343,0.13517143
2026-04-24 23:36:45.573627,0.1337,0.13714021
2026-04-24 23:36:46.573627,0.1328,0.13765249
2026-04-24 23:36:47.573627,0.1321,0.13713638
2026-04-24 23:36:48.573627,0.1315,0.13622588
2026-04-24 23:36:49.573627,0.1305,0.13624583
2026-04-24 23:36:50.573627,0.1297,0.13507394
2026-04-24 23:36:51.573627,0.1289,0.13410369
2026-04-24 23:36:52.573627,0.1282,0.13373159
2026-04-24 23:36:53.573627,0.1273,0.13340108
2026-04-24 23:36:54.573627,0.1269,0.13221568
2026-04-24 23:36:55.573627,0.1257,0.13151164
2026-04-24 23:36:56.573627,0.1251,0.13064936
2026-04-24 23:36:57.573627,0.126,0.1298424
2026-04-24 23:36:58.573627,0.127,0.12902431
2026-04-24 23:36:59.573627,0.1274,0.12925397
2026-04-24 23:37:00.573627,0.129,0.12818909
2026-04-24 23:37:01.573627,0.1298,0.12757173
2026-04-24 23:37:02.573627,0.1292,0.12893619
2026-04-24 23:37:03.573627,0.1291,0.12998079
2026-04-24 23:37:04.573627,0.1286,0.1303555
2026-04-24 23:37:05.573627,0.1283,0.13207012
2026-04-24 23:37:06.573627,0.1279,0.13274384
2026-04-24 23:37:07.573627,0.1267,0.13187423
2026-04-24 23:37:08.573627,0.1255,0.13150331
2026-04-24 23:37:09.573627,0.125,0.13102092
2026-04-24 23:37:10.573627,0.1243,0.13069628
2026-04-24 23:37:11.573627,0.1232,0.13030228
2026-04-24 23:37:12.573627,0.1246,0.1292506
2026-04-24 23:37:13.573627,0.126,0.12826036
2026-04-24 23:37:14.573627,0.1272,0.12783462
2026-04-24 23:37:15.573627,0.1286,0.12758087
2026-04-24 23:37:16.573627,0.1294,0.12669845
2026-04-24 23:37:17.573627,0.1293,0.12820065
2026-04-24 23:37:18.573627,0.1295,0.12970337
2026-04-24 23:37:19.573627,0.1293,0.13092518
2026-04-24 23:37:20.573627,0.1292,0.13242286
2026-04-24 23:37:21.573627,0.1288,0.13287447
2026-04-24 23:37:22.573627,0.13,0.13229801
2026-04-24 23:37:23.573627,0.1309,0.1324684
2026-04-24 23:37:24.573627,0.1318,0.1319832
2026-04-24 23:37:25.573627,0.1331,0.1317038
2026-04-24 23:37:26.573627,0.134,0.13117419
2026-04-24 23:37:27.573627,0.1341,0.13229352
2026-04-24 23:37:28.573627,0.1338,0.13354987
2026-04-24 23:37:29.573627,0.1345,0.13463995
2026-04-24 23:37:30.573627,0.1348,0.13575545
2026-04-24 23:37:31.573627,0.1351,0.13674319
2026-04-24 23:37:32.573627,0.1359,0.13661379
2026-04-24 23:37:33.573627,0.137,0.13615617
2026-04-24 23:37:34.573627,0.1383,0.13680242
2026-04-24 23:37:35.573627,0.1394,0.13702272
2026-04-24 23:37:36.573627,0.1405,0.13742818
2026-04-24 23:37:37.573627,0.1416,0.1382894
2026-04-24 23:37:38.573627,0.1428,0.13921016
2026-04-24 23:37:39.573627,0.1438,0.14050032
2026-04-24 23:37:40.573627,0.1449,0.1414708
2026-04-24 23:37:41.573627,0.1456,0.14237577
2026-04-24 23:37:42.573627,0.1458,0.14306842
2026-04-24 23:37:43.573627,0.1458,0.14394218
2026-04-24 23:37:44.573627,0.1466,0.14482006
2026-04-24 23:37:45.573627,0.1477,0.14583156
2026-04-24 23:37:46.573627,0.1485,0.14618242
2026-04-24 23:37:47.573627,0.1496,0.14643082
2026-04-24 23:37:48.573627,0.1503,0.14617096
2026-04-24 23:37:49.573627,0.1514,0.1470588
2026-04-24 23:37:50.573627,0.1528,0.14830847
2026-04-24 23:37:51.573627,0.1538,0.14899139
2026-04-24 23:37:52.573627,0.154,0.14990948
2026-04-24 23:37:53.573627,0.1537,0.15033922
2026-04-24 23:37:54.573627,0.1539,0.1512202
2026-04-24 23:37:55.573627,0.1533,0.15253372
2026-04-24 23:37:56.573627,0.1533,0.15332136
2026-04-24 23:37:57.573627,0.1546,0.15328605
2026-04-24 23:37:58.573627,0.1554,0.15255433
2026-04-24 23:37:59.573627,0.1561,0.1525315
2026-04-24 23:38:00.573627,0.157,0.15211509
2026-04-24 23:38:01.573627,0.1576,0.1521949
2026-04-24 23:38:02.573627,0.1563,0.15357299
2026-04-24 23:38:03.573627,0.1546,0.15447247
2026-04-24 23:38:04.573627,0.1532,0.15503874
2026-04-24 23:38:05.573627,0.1523,0.15587889
2026-04-24 23:38:06.573627,0.1515,0.15605378
2026-04-24 23:38:07.573627,0.1527,0.15446506
2026-04-24 23:38:08.573627,0.1529,0.15262136
2026-04-24 23:38:09.573627,0.1536,0.15154877
2026-04-24 23:38:10.573627,0.1548,0.15074655
2026-04-24 23:38:11.573627,0.1551,0.1503602
2026-04-24 23:38:12.573627,0.1556,0.15191424
2026-04-24 23:38:13.573627,0.1557,0.15253554
2026-04-24 23:38:14.573627,0.156,0.15300031
2026-04-24 23:38:15.573627,0.1564,0.15394434
2026-04-24 23:38:16.573627,0.1567,0.15409265
2026-04-24 23:38:17.573627,0.1562,0.15415311
2026-04-24 23:38:18.573627,0.1561,0.15399012
2026-04-24 23:38:19.573627,0.1558,0.15421925
2026-04-24 23:38:20.573627,0.1561,0.15466133
2026-04-24 23:38:21.573627,0.1556,0.15509793
2026-04-24 23:38:22.573627,0.1544,0.15453398
2026-04-24 23:38:23.573627,0.1529,0.15427506
2026-04-24 23:38:24.573627,0.1516,0.15400934
2026-04-24 23:38:25.573627,0.1504,0.15455371
2026-04-24 23:38:26.573627,0.1496,0.15409581
2026-04-24 23:38:27.573627,0.1503,0.1528942
2026-04-24 23:38:28.573627,0.1507,0.15134409
2026-04-24 23:38:29.573627,0.1522,0.1501969
2026-04-24 23:38:30.573627,0.1535,0.14908889
2026-04-24 23:38:31.573627,0.1538,0.14836432
2026-04-24 23:38:32.573627,0.1541,0.14938743
2026-04-24 23:38:33.573627,0.1546,0.15028623
2026-04-24 23:38:34.573627,0.1547,0.15183918
2026-04-24 23:38:35.573627,0.1551,0.15341759
2026-04-24 23:38:36.573627,0.1554,0.15350337
2026-04-24 23:38:37.573627,0.1556,0.15354744
2026-04-24 23:38:38.573627,0.1558,0.15375069
2026-04-24 23:38:39.573627,0.1563,0.15372425
2026-04-24 23:38:40.573627,0.1564,0.15402547
2026-04-24 23:38:41.573627,0.1564,0.15436055
2026-04-24 23:38:42.573627,0.156,0.15434372
2026-04-24 23:38:43.573627,0.1555,0.154307
2026-04-24 23:38:44.573627,0.1553,0.15463261
2026-04-24 23:38:45.573627,0.1546,0.15484111
2026-04-24 23:38:46.573627,0.1547,0.15461479
2026-04-24 23:38:47.573627,0.155,0.15405798
2026-04-24 23:38:48.573627,0.1554,0.15375566
2026-04-24 23:38:49.573627,0.1558,0.1536759
2026-04-24 23:38:50.573627,0.1565,0.15318128
2026-04-24 23:38:51.573627,0.1569,0.15348749
2026-04-24 23:38:52.573627,0.1561,0.15402421
2026-04-24 23:38:53.573627,0.1554,0.15457529
2026-04-24 23:38:54.573627,0.1547,0.15500174
2026-04-24 23:38:55.573627,0.1543,0.15535963
2026-04-24 23:38:56.573627,0.1531,0.15575723
2026-04-24 23:38:57.573627,0.1542,0.15477653
2026-04-24 23:38:58.573627,0.1557,0.15346259
2026-04-24 23:38:59.573627,0.1567,0.15266262
2026-04-24 23:39:00.573627,0.1579,0.15229855
2026-04-24 23:39:01.573627,0.1589,0.15109216
2026-04-24 23:39:02.573627,0.1581,0.15210594
2026-04-24 23:39:03.573627,0.1566,0.15387887
2026-04-24 23:39:04.573627,0.1547,0.15502849
2026-04-24 23:39:05.573627,0.1538,0.15617017
2026-04-24 23:39:06.573627,0.1528,0.1568257
2026-04-24 23:39:07.573627,0.1526,0.15587379
2026-04-24 23:39:08.573627,0.1522,0.15430687
2026-04-24 23:39:09.573627,0.1525,0.15275303
2026-04-24 23:39:10.573627,0.1522,0.15198472
2026-04-24 23:39:11.573627,0.1519,0.15090457
2026-04-24 23:39:12.573627,0.152,0.1509496
2026-04-24 23:39:13.573627,0.1532,0.15065102
2026-04-24 23:39:14.573627,0.154,0.15083879
2026-04-24 23:39:15.573627,0.1549,0.15062846
2026-04-24 23:39:16.573627,0.1557,0.15036933
2026-04-24 23:39:17.573627,0.1554,0.15073177
2026-04-24 23:39:18.573627,0.1552,0.15192537
2026-04-24 23:39:19.573627,0.1556,0.15263857
2026-04-24 23:39:20.573627,0.1556,0.1536757
2026-04-24 23:39:21.573627,0.1554,0.15443736
2026-04-24 23:39:22.573627,0.1553,0.15411298
2026-04-24 23:39:23.573627,0.156,0.15379016
2026-04-24 23:39:24.573627,0.1568,0.15388381
2026-04-24 23:39:25.573627,0.1567,0.15382266
2026-04-24 23:39:26.573627,0.1572,0.15357946
2026-04-24 23:39:27.573627,0.157,0.15360186
2026-04-24 23:39:28.573627,0.1563,0.15443568
2026-04-24 23:39:29.573627,0.1559,0.15550601
2026-04-24 23:39:30.573627,0.1552,0.15507925
2026-04-24 23:39:31.573627,0.1551,0.15552422
2026-04-24 23:39:32.573627,0.1547,0.15514807
2026-04-24 23:39:33.573627,0.1546,0.15443197
2026-04-24 23:39:34.573627,0.1539,0.15387061
2026-04-24 23:39:35.573627,0.1534,0.15306056
2026-04-24 23:39:36.573627,0.1528,0.15292755
2026-04-24 23:39:37.573627,0.1526,0.15277472
2026-04-24 23:39:38.573627,0.1525,0.15269142
2026-04-24 23:39:39.573627,0.1525,0.15204874
2026-04-24 23:39:40.573627,0.1525,0.1516148
2026-04-24 23:39:41.573627,0.1524,0.15127118
2026-04-24 23:39:42.573627,0.1522,0.15118137
2026-04-24 23:39:43.573627,0.1519,0.15098165
2026-04-24 23:39:44.573627,0.1515,0.15122123
2026-04-24 23:39:45.573627,0.1515,0.1513599
2026-04-24 23:39:46.573627,0.151,0.15120721
2026-04-24 23:39:47.573627,0.1498,0.15104996
2026-04-24 23:39:48.573627,0.1486,0.15083893
2026-04-24 23:39:49.573627,0.1478,0.15044902
2026-04-24 23:39:50.573627,0.1474,0.15051699
2026-04-24 23:39:51.573627,0.1464,0.14986788
2026-04-24 23:39:52.573627,0.1458,0.1486621
2026-04-24 23:39:53.573627,0.1451,0.1474166
2026-04-24 23:39:54.573627,0.1446,0.14660004
2026-04-24 23:39:55.573627,0.1443,0.14637768
2026-04-24 23:39:56.573627,0.1439,0.14547229
2026-04-24 23:39:57.573627,0.145,0.1450532
2026-04-24 23:39:58.573627,0.1458,0.14458057
2026-04-24 23:39:59.573627,0.1472,0.14419661
2026-04-24 23:40:00.573627,0.1481,0.14413345
2026-04-24 23:40:01.573627,0.1485,0.14384614
2026-04-24 23:40:02.573627,0.1485,0.1452502
2026-04-24 23:40:03.573627,0.1484,0.14660536
2026-04-24 23:40:04.573627,0.1485,0.14807154
2026-04-24 23:40:05.573627,0.1492,0.14910771
2026-04-24 23:40:06.573627,0.1488,0.14917503
2026-04-24 23:40:07.573627,0.1496,0.14890856
2026-04-24 23:40:08.573627,0.1498,0.14874706
2026-04-24 23:40:09.573627,0.1505,0.14883344
2026-04-24 23:40:10.573627,0.1512,0.14950606
2026-04-24 23:40:11.573627,0.1522,0.14925122
2026-04-24 23:40:12.573627,0.1525,0.15004112
2026-04-24 23:40:13.573627,0.1532,0.15017787
2026-04-24 23:40:14.573627,0.1537,0.1505115
2026-04-24 23:40:15.573627,0.1542,0.150909
2026-04-24 23:40:16.573627,0.1535,0.15166286
2026-04-24 23:40:17.573627,0.1523,0.15190434
2026-04-24 23:40:18.573627,0.1517,0.15247157
2026-04-24 23:40:19.573627,0.151,0.15284142
2026-04-24 23:40:20.573627,0.1502,0.15344554
2026-04-24 23:40:21.573627,0.1502,0.15275377
2026-04-24 23:40:22.573627,0.1501,0.15137747
2026-04-24 23:40:23.573627,0.15,0.15104374
2026-04-24 23:40:24.573627,0.1499,0.1504474
2026-04-24 23:40:25.573627,0.1498,0.14960456
2026-04-24 23:40:26.573627,0.1498,0.14973792
2026-04-24 23:40:27.573627,0.1508,0.15006678
2026-04-24 23:40:28.573627,0.1515,0.15025648
2026-04-24 23:40:29.573627,0.1521,0.15011065
2026-04-24 23:40:30.573627,0.1533,0.14980856
2026-04-24 23:40:31.573627,0.1541,0.14948872
2026-04-24 23:40:32.573627,0.1542,0.15061611
2026-04-24 23:40:33.573627,0.1539,0.15156446
2026-04-24 23:40:34.573627,0.1534,0.15203297
2026-04-24 23:40:35.573627,0.1534,0.15335545
2026-04-24 23:40:36.573627,0.1531,0.15400231
2026-04-24 23:40:37.573627,0.1519,0.15383446
2026-04-24 23:40:38.573627,0.1505,0.15295567
2026-04-24 23:40:39.573627,0.1494,0.1517669
2026-04-24 23:40:40.573627,0.1479,0.15193099
2026-04-24 23:40:41.573627,0.1467,0.15173121
2026-04-24 23:40:42.573627,0.1481,0.15044263
2026-04-24 23:40:43.573627,0.1498,0.14896047
2026-04-24 23:40:44.573627,0.1507,0.14800951
2026-04-24 23:40:45.573627,0.1521,0.14659813
2026-04-24 23:40:46.573627,0.153,0.14540192
2026-04-24 23:40:47.573627,0.1526,0.14695215
2026-04-24 23:40:48.573627,0.1521,0.14927262
2026-04-24 23:40:49.573627,0.1514,0.15039101
2026-04-24 23:40:50.573627,0.1512,0.15181622
2026-04-24 23:40:51.573627,0.1507,0.15274996
2026-04-24 23:40:52.573627,0.151,0.152006
2026-04-24 23:40:53.573627,0.1513,0.1514559
2026-04-24 23:40:54.573627,0.1522,0.15045047
2026-04-24 23:40:55.573627,0.1526,0.15015449
2026-04-24 23:40:56.573627,0.1534,0.14982335
2026-04-24 23:40:57.573627,0.1517,0.150435
2026-04-24 23:40:58.573627,0.1503,0.15063699
2026-04-24 23:40:59.573627,0.1488,0.15158844
2026-04-24 23:41:00.573627,0.1474,0.15204465
2026-04-24 23:41:01.573627,0.1457,0.15284485
2026-04-24 23:41:02.573627,0.1442,0.15059537
2026-04-24 23:41:03.573627,0.1426,0.14871979
2026-04-24 23:41:04.573627,0.1358,0.1472418
2026-04-24 23:41:05.573627,0.1348,0.14611427
2026-04-24 23:41:06.573627,0.134,0.14436367
2026-04-24 23:41:07.573627,0.1336,0.14326267
2026-04-24 23:41:08.573627,0.1344,0.14171784
2026-04-24 23:41:09.573627,0.1341,0.13504551
2026-04-24 23:41:10.573627,0.1338,0.13389932
2026-04-24 23:41:11.573627,0.1333,0.13386913
2026-04-24 23:41:12.573627,0.1324,0.13382009
2026-04-24 23:41:13.573627,0.1315,0.13518462
2026-04-24 23:41:14.573627,0.1305,0.13520716
2026-04-24 23:41:15.573627,0.1297,0.1350718
2026-04-24 23:41:16.573627,0.1286,0.13476688
2026-04-24 23:41:17.573627,0.1282,0.13386168
2026-04-24 23:41:18.573627,0.1285,0.1329853
2026-04-24 23:41:19.573627,0.1292,0.13206963
2026-04-24 23:41:20.573627,0.1295,0.13142477
