timestamp,actual,forecasted
2026-04-25 00:59:55.210285,0.4774,0.50304526
2026-04-25 01:00:05.210285,0.469,0.4940554
2026-04-25 01:00:15.210285,0.4611,0.4865021
2026-04-25 01:00:25.210285,0.4458,0.48316208
2026-04-25 01:00:35.210285,0.4412,0.47775954
2026-04-25 01:00:45.210285,0.4409,0.46667165
2026-04-25 01:00:55.210285,0.4453,0.4596768
2026-04-25 01:01:05.210285,0.4513,0.45585117
2026-04-25 01:01:15.210285,0.4553,0.44406396
2026-04-25 01:01:25.210285,0.4601,0.43987843
2026-04-25 01:01:35.210285,0.4707,0.44153208
2026-04-25 01:01:45.210285,0.4779,0.44652298
2026-04-25 01:01:55.210285,0.4842,0.45363814
2026-04-25 01:02:05.210285,0.4975,0.4598898
2026-04-25 01:02:15.210285,0.5018,0.46496987
2026-04-25 01:02:25.210285,0.502,0.4725171
2026-04-25 01:02:35.210285,0.5026,0.47871518
2026-04-25 01:02:45.210285,0.504,0.4822424
2026-04-25 01:02:55.210285,0.5039,0.4928089
2026-04-25 01:03:05.210285,0.5,0.49530983
2026-04-25 01:03:15.210285,0.4923,0.49552736
2026-04-25 01:03:25.210285,0.4903,0.4939107
2026-04-25 01:03:35.210285,0.4819,0.49339655
2026-04-25 01:03:45.210285,0.4763,0.49311212
2026-04-25 01:03:55.210285,0.468,0.48958975
2026-04-25 01:04:05.210285,0.471,0.4808192
2026-04-25 01:04:15.210285,0.4699,0.4783397
2026-04-25 01:04:25.210285,0.4709,0.47184372
2026-04-25 01:04:35.210285,0.4722,0.46719608
2026-04-25 01:04:45.210285,0.478,0.45969075
2026-04-25 01:04:55.210285,0.4768,0.46393374
2026-04-25 01:05:05.210285,0.4716,0.4652282
2026-04-25 01:05:15.210285,0.4697,0.4670024
2026-04-25 01:05:25.210285,0.4648,0.4668997
2026-04-25 01:05:35.210285,0.4637,0.47175032
2026-04-25 01:05:45.210285,0.4492,0.4697065
2026-04-25 01:05:55.210285,0.4357,0.46422824
2026-04-25 01:06:05.210285,0.4255,0.46343917
2026-04-25 01:06:15.210285,0.4143,0.45807678
2026-04-25 01:06:25.210285,0.4072,0.4571675
2026-04-25 01:06:35.210285,0.418,0.44554406
2026-04-25 01:06:45.210285,0.4236,0.4310095
2026-04-25 01:06:55.210285,0.4306,0.42420098
2026-04-25 01:07:05.210285,0.4396,0.4137076
2026-04-25 01:07:15.210285,0.4459,0.40978602
2026-04-25 01:07:25.210285,0.439,0.42007026
2026-04-25 01:07:35.210285,0.4342,0.42852095
2026-04-25 01:07:45.210285,0.4303,0.43569952
2026-04-25 01:07:55.210285,0.4206,0.4456832
2026-04-25 01:08:05.210285,0.414,0.44942322
2026-04-25 01:08:15.210285,0.4073,0.44185716
2026-04-25 01:08:25.210285,0.4034,0.43480927
2026-04-25 01:08:35.210285,0.3952,0.4315324
2026-04-25 01:08:45.210285,0.3902,0.42179915
2026-04-25 01:08:55.210285,0.3855,0.41412383
2026-04-25 01:09:05.210285,0.3912,0.41069904
2026-04-25 01:09:15.210285,0.3952,0.40736997
2026-04-25 01:09:25.210285,0.4005,0.3988536
2026-04-25 01:09:35.210285,0.4063,0.3928354
2026-04-25 01:09:45.210285,0.4089,0.38831368
2026-04-25 01:09:55.210285,0.4147,0.39430806
2026-04-25 01:10:05.210285,0.4183,0.40019357
2026-04-25 01:10:15.210285,0.4257,0.40536183
2026-04-25 01:10:25.210285,0.4253,0.41379166
2026-04-25 01:10:35.210285,0.4344,0.41721606
2026-04-25 01:10:45.210285,0.4375,0.42045084
2026-04-25 01:10:55.210285,0.4396,0.4238168
2026-04-25 01:11:05.210285,0.4404,0.43021214
2026-04-25 01:11:15.210285,0.4443,0.43201077
2026-04-25 01:11:25.210285,0.4424,0.43855938
2026-04-25 01:11:35.210285,0.4382,0.4416222
2026-04-25 01:11:45.210285,0.4375,0.4431426
2026-04-25 01:11:55.210285,0.4278,0.44412482
2026-04-25 01:12:05.210285,0.4237,0.44673505
2026-04-25 01:12:15.210285,0.4193,0.44463655
2026-04-25 01:12:25.210285,0.4147,0.43888888
2026-04-25 01:12:35.210285,0.4112,0.43898758
2026-04-25 01:12:45.210285,0.4069,0.4308841
2026-04-25 01:12:55.210285,0.405,0.42799234
2026-04-25 01:13:05.210285,0.4016,0.42598087
2026-04-25 01:13:15.210285,0.3998,0.42349336
2026-04-25 01:13:25.210285,0.4045,0.42081717
2026-04-25 01:13:35.210285,0.4009,0.4181049
2026-04-25 01:13:45.210285,0.3987,0.416755
2026-04-25 01:13:55.210285,0.3954,0.41259444
2026-04-25 01:14:05.210285,0.3901,0.41119057
2026-04-25 01:14:15.210285,0.3806,0.4149798
2026-04-25 01:14:25.210285,0.3712,0.41379794
2026-04-25 01:14:35.210285,0.3611,0.40984264
2026-04-25 01:14:45.210285,0.3535,0.40664473
2026-04-25 01:14:55.210285,0.3621,0.4011512
2026-04-25 01:15:05.210285,0.9181,0.39101955
2026-04-25 01:15:15.210285,0.903,0.38428366
2026-04-25 01:15:25.210285,0.8887,0.37611476
2026-04-25 01:15:35.210285,0.8755,0.36886162
2026-04-25 01:15:45.210285,0.8618,0.37525043
2026-04-25 01:15:55.210285,0.8472,0.8072673
2026-04-25 01:16:05.210285,0.8356,0.82129467
2026-04-25 01:16:15.210285,0.8226,0.7994763
2026-04-25 01:16:25.210285,0.8069,0.7956444
2026-04-25 01:16:35.210285,0.7935,0.7845017
2026-04-25 01:16:45.210285,0.7798,0.7727663
2026-04-25 01:16:55.210285,0.4994,0.74906325
2026-04-25 01:17:05.210285,0.4931,0.7434309
2026-04-25 01:17:15.210285,0.4933,0.73684716
2026-04-25 01:17:25.210285,0.4903,0.7117666
2026-04-25 01:17:35.210285,0.4841,0.7123375
2026-04-25 01:17:45.210285,0.4742,0.5090236
2026-04-25 01:17:55.210285,0.4668,0.46353677
2026-04-25 01:18:05.210285,0.4608,0.46479785
2026-04-25 01:18:15.210285,0.4476,0.48913252
2026-04-25 01:18:25.210285,0.4327,0.4772636
2026-04-25 01:18:35.210285,0.423,0.47755075
2026-04-25 01:18:45.210285,0.4116,0.4628331
2026-04-25 01:18:55.210285,0.3957,0.45332658
2026-04-25 01:19:05.210285,0.3984,0.44101363
2026-04-25 01:19:15.210285,0.4046,0.4342291
2026-04-25 01:19:25.210285,0.4076,0.43352035
2026-04-25 01:19:35.210285,0.4061,0.42639005
2026-04-25 01:19:45.210285,0.409,0.41522524
2026-04-25 01:19:55.210285,0.4218,0.42389876
2026-04-25 01:20:05.210285,0.428,0.41891232
2026-04-25 01:20:15.210285,0.4385,0.4304101
2026-04-25 01:20:25.210285,0.4485,0.4240298
2026-04-25 01:20:35.210285,0.4572,0.4294443
2026-04-25 01:20:45.210285,0.4678,0.44080713
2026-04-25 01:20:55.210285,0.4718,0.44769236
2026-04-25 01:21:05.210285,0.479,0.45742422
2026-04-25 01:21:15.210285,0.4838,0.46670002
2026-04-25 01:21:25.210285,0.4925,0.46709025
2026-04-25 01:21:35.210285,0.4745,0.47656178
2026-04-25 01:21:45.210285,0.4625,0.47248346
2026-04-25 01:21:55.210285,0.4489,0.48064506
2026-04-25 01:22:05.210285,0.4362,0.48277172
2026-04-25 01:22:15.210285,0.4244,0.49438593
2026-04-25 01:22:25.210285,0.4242,0.47544852
2026-04-25 01:22:35.210285,0.4265,0.46364307
2026-04-25 01:22:45.210285,0.4283,0.44912615
2026-04-25 01:22:55.210285,0.4334,0.43871224
2026-04-25 01:23:05.210285,0.433,0.4287209
2026-04-25 01:23:15.210285,0.4364,0.42977437
2026-04-25 01:23:25.210285,0.434,0.43243724
2026-04-25 01:23:35.210285,0.4338,0.4328164
2026-04-25 01:23:45.210285,0.4336,0.43972814
2026-04-25 01:23:55.210285,0.4357,0.44390887
2026-04-25 01:24:05.210285,0.4483,0.4448625
2026-04-25 01:24:15.210285,0.4592,0.44228894
2026-04-25 01:24:25.210285,0.4706,0.44124854
2026-04-25 01:24:35.210285,0.483,0.4434034
2026-04-25 01:24:45.210285,0.6711,0.44513965
2026-04-25 01:24:55.210285,0.6621,0.45654553
2026-04-25 01:25:05.210285,0.654,0.46892488
2026-04-25 01:25:15.210285,0.6447,0.47682503
2026-04-25 01:25:25.210285,0.6394,0.48699594
2026-04-25 01:25:35.210285,0.6301,0.6396668
2026-04-25 01:25:45.210285,0.6153,0.63911915
2026-04-25 01:25:55.210285,0.6031,0.6242334
2026-04-25 01:26:05.210285,0.5919,0.61443543
2026-04-25 01:26:15.210285,0.5817,0.6027297
2026-04-25 01:26:25.210285,0.5689,0.5903727
2026-04-25 01:26:35.210285,0.5604,0.5743453
2026-04-25 01:26:45.210285,0.5624,0.5678498
2026-04-25 01:26:55.210285,0.5615,0.5616631
2026-04-25 01:27:05.210285,0.5563,0.5490822
2026-04-25 01:27:15.210285,0.547,0.5406716
2026-04-25 01:27:25.210285,0.5504,0.53829324
2026-04-25 01:27:35.210285,0.5502,0.544078
2026-04-25 01:27:45.210285,0.5541,0.5446636
2026-04-25 01:27:55.210285,0.5555,0.54613435
2026-04-25 01:28:05.210285,0.5589,0.53366375
2026-04-25 01:28:15.210285,0.5448,0.5385637
2026-04-25 01:28:25.210285,0.5317,0.5380015
2026-04-25 01:28:35.210285,0.5189,0.54361993
2026-04-25 01:28:45.210285,0.5052,0.5444577
2026-04-25 01:28:55.210285,0.4968,0.54896736
2026-04-25 01:29:05.210285,0.48,0.53839713
2026-04-25 01:29:15.210285,0.4656,0.5214835
2026-04-25 01:29:25.210285,0.4507,0.50925595
2026-04-25 01:29:35.210285,0.4375,0.4967699
2026-04-25 01:29:45.210285,0.4246,0.48556378
2026-04-25 01:29:55.210285,0.4349,0.47259876
2026-04-25 01:30:05.210285,0.4431,0.4597167
2026-04-25 01:30:15.210285,0.4497,0.45044377
2026-04-25 01:30:25.210285,0.4567,0.4387456
2026-04-25 01:30:35.210285,0.4631,0.42888576
2026-04-25 01:30:45.210285,0.4562,0.4358411
2026-04-25 01:30:55.210285,0.4449,0.44783822
2026-04-25 01:31:05.210285,0.4349,0.45468536
2026-04-25 01:31:15.210285,0.4249,0.4644533
2026-04-25 01:31:25.210285,0.4155,0.46941242
2026-04-25 01:31:35.210285,0.4148,0.4658608
2026-04-25 01:31:45.210285,0.4105,0.4539277
2026-04-25 01:31:55.210285,0.4071,0.4426849
2026-04-25 01:32:05.210285,0.4042,0.43325832
2026-04-25 01:32:15.210285,0.3985,0.42527768
2026-04-25 01:32:25.210285,0.4083,0.4211701
2026-04-25 01:32:35.210285,0.416,0.4193034
2026-04-25 01:32:45.210285,0.4255,0.41608134
2026-04-25 01:32:55.210285,0.4361,0.41417047
2026-04-25 01:33:05.210285,0.4422,0.40758786
2026-04-25 01:33:15.210285,0.45,0.41443124
2026-04-25 01:33:25.210285,0.4545,0.42369425
2026-04-25 01:33:35.210285,0.4604,0.4318339
2026-04-25 01:33:45.210285,0.467,0.44300348
2026-04-25 01:33:55.210285,0.4717,0.44936872
2026-04-25 01:34:05.210285,0.4694,0.45478782
2026-04-25 01:34:15.210285,0.4699,0.4588546
2026-04-25 01:34:25.210285,0.4656,0.46409804
2026-04-25 01:34:35.210285,0.4596,0.46586147
2026-04-25 01:34:45.210285,0.4613,0.47037268
2026-04-25 01:34:55.210285,0.4479,0.4687375
2026-04-25 01:35:05.210285,0.4379,0.46819195
2026-04-25 01:35:15.210285,0.431,0.46350434
2026-04-25 01:35:25.210285,0.4229,0.45701587
2026-04-25 01:35:35.210285,0.4119,0.45866144
2026-04-25 01:35:45.210285,0.4049,0.4475206
2026-04-25 01:35:55.210285,0.3999,0.43661183
2026-04-25 01:36:05.210285,0.3985,0.4331474
2026-04-25 01:36:15.210285,0.3933,0.42714697
2026-04-25 01:36:25.210285,0.3874,0.42008674
2026-04-25 01:36:35.210285,0.3848,0.41521606
2026-04-25 01:36:45.210285,0.3839,0.4117237
2026-04-25 01:36:55.210285,0.3837,0.40935898
2026-04-25 01:37:05.210285,0.3818,0.40552554
2026-04-25 01:37:15.210285,0.3781,0.39844725
2026-04-25 01:37:25.210285,0.3703,0.39701977
2026-04-25 01:37:35.210285,0.3663,0.39712784
2026-04-25 01:37:45.210285,0.3617,0.3945986
2026-04-25 01:37:55.210285,0.3524,0.3959596
2026-04-25 01:38:05.210285,0.3505,0.39433134
2026-04-25 01:38:15.210285,0.3598,0.3887719
2026-04-25 01:38:25.210285,0.374,0.38556606
2026-04-25 01:38:35.210285,0.3866,0.38086966
2026-04-25 01:38:45.210285,0.3991,0.3730832
2026-04-25 01:38:55.210285,0.4094,0.36879054
2026-04-25 01:39:05.210285,0.4226,0.37439755
2026-04-25 01:39:15.210285,0.4296,0.38763922
2026-04-25 01:39:25.210285,0.4395,0.3994545
2026-04-25 01:39:35.210285,0.4502,0.4151347
2026-04-25 01:39:45.210285,0.4558,0.42488578
2026-04-25 01:39:55.210285,0.4651,0.4330372
2026-04-25 01:40:05.210285,0.4747,0.4357218
2026-04-25 01:40:15.210285,0.4825,0.44137606
2026-04-25 01:40:25.210285,0.4882,0.4522076
2026-04-25 01:40:35.210285,0.4935,0.45710394
2026-04-25 01:40:45.210285,0.4765,0.46408314
2026-04-25 01:40:55.210285,0.4577,0.4725735
2026-04-25 01:41:05.210285,0.4475,0.48070022
2026-04-25 01:41:15.210285,0.4349,0.48619294
2026-04-25 01:41:25.210285,0.4241,0.48833096
2026-04-25 01:41:35.210285,0.4256,0.472135
2026-04-25 01:41:45.210285,0.4244,0.45416364
2026-04-25 01:41:55.210285,0.4239,0.4454665
2026-04-25 01:42:05.210285,0.4236,0.43507862
2026-04-25 01:42:15.210285,0.428,0.4266471
2026-04-25 01:42:25.210285,0.4134,0.4294501
2026-04-25 01:42:35.210285,0.401,0.43068972
2026-04-25 01:42:45.210285,0.393,0.4301048
2026-04-25 01:42:55.210285,0.3809,0.42996988
2026-04-25 01:43:05.210285,0.3726,0.4359432
2026-04-25 01:43:15.210285,0.3671,0.42352024
2026-04-25 01:43:25.210285,0.3686,0.41075224
2026-04-25 01:43:35.210285,0.3677,0.40303257
2026-04-25 01:43:45.210285,0.3642,0.39100885
2026-04-25 01:43:55.210285,0.3596,0.38351968
2026-04-25 01:44:05.210285,0.3667,0.38033643
2026-04-25 01:44:15.210285,0.372,0.38175905
2026-04-25 01:44:25.210285,0.376,0.38087434
2026-04-25 01:44:35.210285,0.38,0.3775012
2026-04-25 01:44:45.210285,0.3818,0.37450737
2026-04-25 01:44:55.210285,0.3729,0.3795108
2026-04-25 01:45:05.210285,0.3665,0.38572538
2026-04-25 01:45:15.210285,0.4746,0.3894806
2026-04-25 01:45:25.210285,0.4634,0.395169
2026-04-25 01:45:35.210285,0.4515,0.39471453
2026-04-25 01:45:45.210285,0.4594,0.38734812
2026-04-25 01:45:55.210285,0.4649,0.37821954
2026-04-25 01:46:05.210285,0.4729,0.47597608
2026-04-25 01:46:15.210285,0.4762,0.4762765
2026-04-25 01:46:25.210285,0.4805,0.46296594
2026-04-25 01:46:35.210285,0.4897,0.46722075
2026-04-25 01:46:45.210285,0.4928,0.47331712
2026-04-25 01:46:55.210285,0.5019,0.47480756
2026-04-25 01:47:05.210285,0.5055,0.47675344
2026-04-25 01:47:15.210285,0.5152,0.48263988
2026-04-25 01:47:25.210285,0.5188,0.48824456
2026-04-25 01:47:35.210285,0.5244,0.48578796
2026-04-25 01:47:45.210285,0.5303,0.49270415
2026-04-25 01:47:55.210285,0.5385,0.49639896
2026-04-25 01:48:05.210285,0.5402,0.501877
2026-04-25 01:48:15.210285,0.5394,0.50285697
2026-04-25 01:48:25.210285,0.5361,0.5116425
2026-04-25 01:48:35.210285,0.5404,0.5142805
2026-04-25 01:48:45.210285,0.5398,0.5239335
2026-04-25 01:48:55.210285,0.5381,0.522382
2026-04-25 01:49:05.210285,0.5258,0.5217543
2026-04-25 01:49:15.210285,0.5194,0.5148881
2026-04-25 01:49:25.210285,0.5105,0.5194375
2026-04-25 01:49:35.210285,0.5058,0.5197052
2026-04-25 01:49:45.210285,0.4989,0.52143764
2026-04-25 01:49:55.210285,0.4811,0.5115538
2026-04-25 01:50:05.210285,0.4691,0.508766
2026-04-25 01:50:15.210285,0.4578,0.49949843
2026-04-25 01:50:25.210285,0.4465,0.49287012
2026-04-25 01:50:35.210285,0.4303,0.48587602
2026-04-25 01:50:45.210285,0.4213,0.47108597
2026-04-25 01:50:55.210285,0.4069,0.45653126
2026-04-25 01:51:05.210285,0.3948,0.4471492
2026-04-25 01:51:15.210285,0.3827,0.4377098
2026-04-25 01:51:25.210285,0.3749,0.42457265
2026-04-25 01:51:35.210285,0.3623,0.4172878
2026-04-25 01:51:45.210285,0.3561,0.40401125
2026-04-25 01:51:55.210285,0.348,0.39515418
2026-04-25 01:52:05.210285,0.3403,0.38749686
2026-04-25 01:52:15.210285,0.3332,0.38139594
2026-04-25 01:52:25.210285,0.3437,0.37322715
2026-04-25 01:52:35.210285,0.3535,0.3684414
2026-04-25 01:52:45.210285,0.3613,0.36767465
2026-04-25 01:52:55.210285,0.3677,0.36523974
2026-04-25 01:53:05.210285,0.3786,0.36122212
2026-04-25 01:53:15.210285,0.393,0.3682957
2026-04-25 01:53:25.210285,0.4011,0.37792522
2026-04-25 01:53:35.210285,0.409,0.38219416
2026-04-25 01:53:45.210285,0.4157,0.38644326
2026-04-25 01:53:55.210285,0.4216,0.39358038
2026-04-25 01:54:05.210285,0.4207,0.40623042
2026-04-25 01:54:15.210285,0.4229,0.4125938
2026-04-25 01:54:25.210285,0.4209,0.4183341
2026-04-25 01:54:35.210285,0.4209,0.42165416
2026-04-25 01:54:45.210285,0.4197,0.42741206
2026-04-25 01:54:55.210285,0.4135,0.42492095
2026-04-25 01:55:05.210285,0.4064,0.42814925
2026-04-25 01:55:15.210285,0.3974,0.42502075
2026-04-25 01:55:25.210285,0.3919,0.42584306
2026-04-25 01:55:35.210285,0.3863,0.42439035
2026-04-25 01:55:45.210285,0.3768,0.41958615
2026-04-25 01:55:55.210285,0.3662,0.41061568
2026-04-25 01:56:05.210285,0.3577,0.40366378
2026-04-25 01:56:15.210285,0.3484,0.39832628
2026-04-25 01:56:25.210285,0.3414,0.39493793
2026-04-25 01:56:35.210285,0.341,0.38614562
2026-04-25 01:56:45.210285,0.3456,0.37894607
2026-04-25 01:56:55.210285,0.3559,0.3711152
2026-04-25 01:57:05.210285,0.3609,0.3620777
2026-04-25 01:57:15.210285,0.3632,0.3551312
2026-04-25 01:57:25.210285,0.3751,0.3558804
2026-04-25 01:57:35.210285,0.3902,0.35810938
2026-04-25 01:57:45.210285,0.4017,0.36813277
2026-04-25 01:57:55.210285,0.4129,0.37568945
2026-04-25 01:58:05.210285,0.4239,0.37744695
2026-04-25 01:58:15.210285,0.4132,0.38732672
2026-04-25 01:58:25.210285,0.3989,0.4016583
2026-04-25 01:58:35.210285,0.3885,0.4107464
2026-04-25 01:58:45.210285,0.3766,0.42233136
2026-04-25 01:58:55.210285,0.3685,0.43021643
2026-04-25 01:59:05.210285,0.3786,0.41799486
2026-04-25 01:59:15.210285,0.3831,0.4010828
2026-04-25 01:59:25.210285,0.3943,0.38960817
2026-04-25 01:59:35.210285,0.3983,0.37965447
2026-04-25 01:59:45.210285,0.4038,0.37352878
2026-04-25 01:59:55.210285,0.3877,0.38473326
2026-04-25 02:00:05.210285,0.3796,0.39367408
2026-04-25 02:00:15.210285,0.3705,0.40347677
2026-04-25 02:00:25.210285,0.3623,0.4094849
2026-04-25 02:00:35.210285,0.3516,0.41326332
2026-04-25 02:00:45.210285,0.3526,0.3984377
2026-04-25 02:00:55.210285,0.3552,0.38959047
2026-04-25 02:01:05.210285,0.3584,0.3816093
2026-04-25 02:01:15.210285,0.3611,0.3723425
2026-04-25 02:01:25.210285,0.3597,0.36358294
2026-04-25 02:01:35.210285,0.3616,0.36539143
2026-04-25 02:01:45.210285,0.3575,0.36766404
2026-04-25 02:01:55.210285,0.3642,0.36989075
2026-04-25 02:02:05.210285,0.361,0.37121975
2026-04-25 02:02:15.210285,0.3634,0.37030095
2026-04-25 02:02:25.210285,0.3684,0.37335655
2026-04-25 02:02:35.210285,0.3762,0.37106732
2026-04-25 02:02:45.210285,0.3853,0.376379
2026-04-25 02:02:55.210285,0.3939,0.3731151
2026-04-25 02:03:05.210285,0.3999,0.37694272
2026-04-25 02:03:15.210285,0.4012,0.38154688
2026-04-25 02:03:25.210285,0.4,0.38673943
2026-04-25 02:03:35.210285,0.3997,0.3964863
2026-04-25 02:03:45.210285,0.4019,0.4031561
2026-04-25 02:03:55.210285,0.4031,0.40760648
2026-04-25 02:04:05.210285,0.4083,0.40863845
2026-04-25 02:04:15.210285,0.4113,0.40764177
2026-04-25 02:04:25.210285,0.4159,0.4052264
2026-04-25 02:04:35.210285,0.4224,0.40684804
2026-04-25 02:04:45.210285,0.4287,0.4077308
2026-04-25 02:04:55.210285,0.4282,0.41110203
2026-04-25 02:05:05.210285,0.4274,0.4184179
2026-04-25 02:05:15.210285,0.4302,0.42274588
2026-04-25 02:05:25.210285,0.4296,0.42794666
2026-04-25 02:05:35.210285,0.425,0.43480048
2026-04-25 02:05:45.210285,0.4241,0.4358357
2026-04-25 02:05:55.210285,0.4285,0.43293643
2026-04-25 02:06:05.210285,0.4313,0.4346394
2026-04-25 02:06:15.210285,0.4317,0.43269655
2026-04-25 02:06:25.210285,0.4344,0.42907658
2026-04-25 02:06:35.210285,0.436,0.42786413
2026-04-25 02:06:45.210285,0.4376,0.43121043
2026-04-25 02:06:55.210285,0.4346,0.42996505
2026-04-25 02:07:05.210285,0.4324,0.43040702
2026-04-25 02:07:15.210285,0.4349,0.43480036
2026-04-25 02:07:25.210285,0.442,0.43527249
2026-04-25 02:07:35.210285,0.4476,0.43665436
2026-04-25 02:07:45.210285,0.4485,0.4326349
2026-04-25 02:07:55.210285,0.4556,0.43074852
2026-04-25 02:08:05.210285,0.459,0.43444148
2026-04-25 02:08:15.210285,0.4641,0.43846163
2026-04-25 02:08:25.210285,0.4639,0.4461084
2026-04-25 02:08:35.210285,0.4671,0.445265
2026-04-25 02:08:45.210285,0.4715,0.45167196
2026-04-25 02:08:55.210285,0.4742,0.45505774
2026-04-25 02:09:05.210285,0.4797,0.4587364
2026-04-25 02:09:15.210285,0.4827,0.45769027
2026-04-25 02:09:25.210285,0.4885,0.4628036
2026-04-25 02:09:35.210285,0.4929,0.4664514
2026-04-25 02:09:45.210285,0.4978,0.4674235
2026-04-25 02:09:55.210285,0.5062,0.47290272
2026-04-25 02:10:05.210285,0.5109,0.4760745
2026-04-25 02:10:15.210285,0.518,0.479276
2026-04-25 02:10:25.210285,0.5246,0.48507538
2026-04-25 02:10:35.210285,0.5328,0.48945674
2026-04-25 02:10:45.210285,0.535,0.49788558
2026-04-25 02:10:55.210285,0.5381,0.5020994
2026-04-25 02:11:05.210285,0.5462,0.508788
2026-04-25 02:11:15.210285,0.5507,0.514166
2026-04-25 02:11:25.210285,0.5549,0.52055645
2026-04-25 02:11:35.210285,0.5456,0.52064705
2026-04-25 02:11:45.210285,0.5392,0.52592033
2026-04-25 02:11:55.210285,0.5356,0.53302944
2026-04-25 02:12:05.210285,0.5347,0.5370646
2026-04-25 02:12:15.210285,0.5317,0.5378556
2026-04-25 02:12:25.210285,0.5201,0.5293512
2026-04-25 02:12:35.210285,0.5076,0.52270114
2026-04-25 02:12:45.210285,0.496,0.51832676
2026-04-25 02:12:55.210285,0.4861,0.5161916
2026-04-25 02:13:05.210285,0.4754,0.5127104
2026-04-25 02:13:15.210285,0.4674,0.50139594
2026-04-25 02:13:25.210285,0.4587,0.4918963
2026-04-25 02:13:35.210285,0.4502,0.4808415
2026-04-25 02:13:45.210285,0.4415,0.47101083
2026-04-25 02:13:55.210285,0.4294,0.4627139
2026-04-25 02:14:05.210285,0.421,0.4573616
2026-04-25 02:14:15.210285,0.4129,0.45019504
2026-04-25 02:14:25.210285,0.4075,0.44384116
2026-04-25 02:14:35.210285,0.3997,0.4347775
2026-04-25 02:14:45.210285,0.3895,0.4273214
2026-04-25 02:14:55.210285,0.3795,0.4197171
2026-04-25 02:15:05.210285,0.3679,0.41395226
2026-04-25 02:15:15.210285,0.3516,0.41082758
2026-04-25 02:15:25.210285,0.3458,0.4049607
2026-04-25 02:15:35.210285,0.3369,0.39599803
2026-04-25 02:15:45.210285,0.3323,0.38846382
2026-04-25 02:15:55.210285,0.3272,0.3778973
2026-04-25 02:16:05.210285,0.3177,0.36409324
2026-04-25 02:16:15.210285,0.3144,0.35816363
2026-04-25 02:16:25.210285,0.3054,0.3516202
2026-04-25 02:16:35.210285,0.3077,0.34832013
2026-04-25 02:16:45.210285,0.3112,0.34424132
2026-04-25 02:16:55.210285,0.3199,0.33709446
2026-04-25 02:17:05.210285,0.3273,0.33630353
2026-04-25 02:17:15.210285,0.329,0.332023
2026-04-25 02:17:25.210285,0.3411,0.3359268
2026-04-25 02:17:35.210285,0.3502,0.33897617
2026-04-25 02:17:45.210285,0.3585,0.34753254
2026-04-25 02:17:55.210285,0.3683,0.3532434
2026-04-25 02:18:05.210285,0.3771,0.3546042
2026-04-25 02:18:15.210285,0.3766,0.36490372
2026-04-25 02:18:25.210285,0.3795,0.37305045
2026-04-25 02:18:35.210285,0.3807,0.37829223
2026-04-25 02:18:45.210285,0.3856,0.3868275
2026-04-25 02:18:55.210285,0.3875,0.39567363
2026-04-25 02:19:05.210285,0.3872,0.39440453
2026-04-25 02:19:15.210285,0.3892,0.39608
2026-04-25 02:19:25.210285,0.3906,0.39767373
2026-04-25 02:19:35.210285,0.3893,0.3982305
2026-04-25 02:19:45.210285,0.3913,0.39955157
2026-04-25 02:19:55.210285,0.386,0.3994666
2026-04-25 02:20:05.210285,0.3731,0.4016233
2026-04-25 02:20:15.210285,0.3649,0.4002853
2026-04-25 02:20:25.210285,0.3648,0.40123695
2026-04-25 02:20:35.210285,0.3561,0.4020728
2026-04-25 02:20:45.210285,0.3488,0.3935774
2026-04-25 02:20:55.210285,0.3431,0.38135362
2026-04-25 02:21:05.210285,0.338,0.372589
2026-04-25 02:21:15.210285,0.3317,0.37052345
2026-04-25 02:21:25.210285,0.3269,0.36561635
2026-04-25 02:21:35.210285,0.3202,0.35941827
2026-04-25 02:21:45.210285,0.3179,0.35631302
2026-04-25 02:21:55.210285,0.317,0.3530983
2026-04-25 02:22:05.210285,0.3115,0.34783953
2026-04-25 02:22:15.210285,0.3097,0.3442875
2026-04-25 02:22:25.210285,0.3101,0.3409457
2026-04-25 02:22:35.210285,0.3085,0.3395427
2026-04-25 02:22:45.210285,0.3093,0.3424366
2026-04-25 02:22:55.210285,0.3096,0.33769676
2026-04-25 02:23:05.210285,0.3146,0.33605117
2026-04-25 02:23:15.210285,0.3096,0.33710292
2026-04-25 02:23:25.210285,0.3027,0.3344947
2026-04-25 02:23:35.210285,0.2933,0.33315212
2026-04-25 02:23:45.210285,0.2884,0.33236253
2026-04-25 02:23:55.210285,0.2835,0.33785284
2026-04-25 02:24:05.210285,0.2789,0.33524168
2026-04-25 02:24:15.210285,0.2694,0.33004454
2026-04-25 02:24:25.210285,0.2623,0.3226369
2026-04-25 02:24:35.210285,0.2565,0.31664702
2026-04-25 02:24:45.210285,0.25,0.31349573
2026-04-25 02:24:55.210285,0.2488,0.30876395
2026-04-25 02:25:05.210285,0.2406,0.30214727
2026-04-25 02:25:15.210285,0.2339,0.29659325
2026-04-25 02:25:25.210285,0.2336,0.2924477
2026-04-25 02:25:35.210285,0.2266,0.28786865
2026-04-25 02:25:45.210285,0.2278,0.2886083
2026-04-25 02:25:55.210285,0.2254,0.28091425
2026-04-25 02:26:05.210285,0.2293,0.27486426
2026-04-25 02:26:15.210285,0.2293,0.2763564
2026-04-25 02:26:25.210285,0.2268,0.2733665
2026-04-25 02:26:35.210285,0.2455,0.27110568
2026-04-25 02:26:45.210285,0.2573,0.27236873
2026-04-25 02:26:55.210285,0.2713,0.27367687
2026-04-25 02:27:05.210285,0.289,0.27376148
2026-04-25 02:27:15.210285,0.2982,0.27103686
2026-04-25 02:27:25.210285,0.3021,0.28500342
2026-04-25 02:27:35.210285,0.3043,0.29459733
2026-04-25 02:27:45.210285,0.3021,0.30724376
2026-04-25 02:27:55.210285,0.3052,0.3236897
2026-04-25 02:28:05.210285,0.3045,0.33272928
2026-04-25 02:28:15.210285,0.3196,0.33300015
2026-04-25 02:28:25.210285,0.3293,0.3344413
2026-04-25 02:28:35.210285,0.3417,0.32857344
2026-04-25 02:28:45.210285,0.3534,0.32920575
2026-04-25 02:28:55.210285,0.3613,0.32832187
2026-04-25 02:29:05.210285,0.3675,0.34073055
2026-04-25 02:29:15.210285,0.3735,0.3487845
2026-04-25 02:29:25.210285,0.382,0.3606162
2026-04-25 02:29:35.210285,0.3885,0.36982396
2026-04-25 02:29:45.210285,0.3955,0.37711442
2026-04-25 02:29:55.210285,0.3969,0.37984118
2026-04-25 02:30:05.210285,0.3979,0.38478246
2026-04-25 02:30:15.210285,0.4005,0.3925717
2026-04-25 02:30:25.210285,0.3984,0.4007649
2026-04-25 02:30:35.210285,0.3953,0.40558377
2026-04-25 02:30:45.210285,0.8768,0.40794176
2026-04-25 02:30:55.210285,0.8721,0.40737608
2026-04-25 02:31:05.210285,0.8628,0.41126418
2026-04-25 02:31:15.210285,0.8607,0.4075437
2026-04-25 02:31:25.210285,0.8582,0.40565366
2026-04-25 02:31:35.210285,0.833,0.7783073
2026-04-25 02:31:45.210285,0.8114,0.7974453
2026-04-25 02:31:55.210285,0.7919,0.7750841
2026-04-25 02:32:05.210285,0.7694,0.78042996
2026-04-25 02:32:15.210285,0.7456,0.7760763
2026-04-25 02:32:25.210285,0.7385,0.7580157
2026-04-25 02:32:35.210285,0.7306,0.7261907
2026-04-25 02:32:45.210285,0.7234,0.71193886
2026-04-25 02:32:55.210285,0.7203,0.7004052
2026-04-25 02:33:05.210285,0.7154,0.67360216
2026-04-25 02:33:15.210285,0.7124,0.6756741
2026-04-25 02:33:25.210285,0.7108,0.6823647
2026-04-25 02:33:35.210285,0.7081,0.6773596
2026-04-25 02:33:45.210285,0.7034,0.67573553
2026-04-25 02:33:55.210285,0.6971,0.68101233
2026-04-25 02:34:05.210285,0.6895,0.6753628
2026-04-25 02:34:15.210285,0.6859,0.6775653
2026-04-25 02:34:25.210285,0.6814,0.6679411
2026-04-25 02:34:35.210285,0.6711,0.66865546
2026-04-25 02:34:45.210285,0.663,0.6628921
2026-04-25 02:34:55.210285,0.6516,0.65894675
2026-04-25 02:35:05.210285,0.6433,0.6606535
2026-04-25 02:35:15.210285,0.6321,0.6554949
2026-04-25 02:35:25.210285,0.6241,0.64198595
2026-04-25 02:35:35.210285,0.6135,0.6374992
2026-04-25 02:35:45.210285,0.6003,0.62335414
2026-04-25 02:35:55.210285,0.5863,0.61576426
2026-04-25 02:36:05.210285,0.5719,0.603891
2026-04-25 02:36:15.210285,0.5564,0.59790695
2026-04-25 02:36:25.210285,0.5426,0.59365296
2026-04-25 02:36:35.210285,0.5331,0.579371
2026-04-25 02:36:45.210285,0.5248,0.5633598
2026-04-25 02:36:55.210285,0.5136,0.55055326
2026-04-25 02:37:05.210285,0.4968,0.537315
2026-04-25 02:37:15.210285,0.486,0.52702385
2026-04-25 02:37:25.210285,0.4794,0.51888794
2026-04-25 02:37:35.210285,0.471,0.51327467
2026-04-25 02:37:45.210285,0.4687,0.5043046
2026-04-25 02:37:55.210285,0.4654,0.49070954
2026-04-25 02:38:05.210285,0.4615,0.48022774
2026-04-25 02:38:15.210285,0.4614,0.47685778
2026-04-25 02:38:25.210285,0.4575,0.4696844
2026-04-25 02:38:35.210285,0.4533,0.46850836
2026-04-25 02:38:45.210285,0.4487,0.47158736
2026-04-25 02:38:55.210285,0.4432,0.46702176
2026-04-25 02:39:05.210285,0.4492,0.465455
2026-04-25 02:39:15.210285,0.4546,0.45997375
2026-04-25 02:39:25.210285,0.4565,0.4558471
2026-04-25 02:39:35.210285,0.4655,0.4506075
2026-04-25 02:39:45.210285,0.4682,0.44278765
2026-04-25 02:39:55.210285,0.4765,0.44629514
2026-04-25 02:40:05.210285,0.4834,0.45627216
2026-04-25 02:40:15.210285,0.489,0.45837015
2026-04-25 02:40:25.210285,0.4922,0.46855128
2026-04-25 02:40:35.210285,0.4983,0.46961486
2026-04-25 02:40:45.210285,0.4923,0.4758339
2026-04-25 02:40:55.210285,0.4898,0.47969463
2026-04-25 02:41:05.210285,0.488,0.48387638
2026-04-25 02:41:15.210285,0.4883,0.48590085
2026-04-25 02:41:25.210285,0.4875,0.4897715
2026-04-25 02:41:35.210285,0.4743,0.48311692
2026-04-25 02:41:45.210285,0.4583,0.48090172
2026-04-25 02:41:55.210285,0.4445,0.4798895
2026-04-25 02:42:05.210285,0.4326,0.47876608
2026-04-25 02:42:15.210285,0.4236,0.47799206
2026-04-25 02:42:25.210285,0.4247,0.46739364
2026-04-25 02:42:35.210285,0.422,0.4534591
2026-04-25 02:42:45.210285,0.4176,0.44361332
2026-04-25 02:42:55.210285,0.4108,0.4321947
2026-04-25 02:43:05.210285,0.4106,0.42826456
2026-04-25 02:43:15.210285,0.4129,0.43124652
2026-04-25 02:43:25.210285,0.4184,0.43194196
2026-04-25 02:43:35.210285,0.4199,0.42924106
2026-04-25 02:43:45.210285,0.426,0.42410123
2026-04-25 02:43:55.210285,0.4257,0.42025453
2026-04-25 02:44:05.210285,0.4147,0.42565838
2026-04-25 02:44:15.210285,0.4042,0.43025023
2026-04-25 02:44:25.210285,0.3976,0.43413407
2026-04-25 02:44:35.210285,0.3881,0.4398384
2026-04-25 02:44:45.210285,0.3769,0.4397054
2026-04-25 02:44:55.210285,0.3744,0.42575172
2026-04-25 02:45:05.210285,0.3698,0.41426417
2026-04-25 02:45:15.210285,0.3668,0.4028051
2026-04-25 02:45:25.210285,0.3623,0.39113143
2026-04-25 02:45:35.210285,0.3561,0.37856126
2026-04-25 02:45:45.210285,0.3715,0.3782278
2026-04-25 02:45:55.210285,0.3815,0.37701005
2026-04-25 02:46:05.210285,0.3933,0.37471646
2026-04-25 02:46:15.210285,0.4034,0.3718017
2026-04-25 02:46:25.210285,0.4149,0.3687525
2026-04-25 02:46:35.210285,0.4261,0.38147146
2026-04-25 02:46:45.210285,0.4332,0.39291272
2026-04-25 02:46:55.210285,0.4447,0.40498194
2026-04-25 02:47:05.210285,0.4524,0.41656837
2026-04-25 02:47:15.210285,0.4637,0.4251405
2026-04-25 02:47:25.210285,0.4617,0.43380657
2026-04-25 02:47:35.210285,0.4627,0.43749866
2026-04-25 02:47:45.210285,0.4606,0.4475933
2026-04-25 02:47:55.210285,0.4599,0.4524783
2026-04-25 02:48:05.210285,0.463,0.463343
2026-04-25 02:48:15.210285,0.4728,0.46011117
2026-04-25 02:48:25.210285,0.4796,0.4617545
2026-04-25 02:48:35.210285,0.486,0.45944312
2026-04-25 02:48:45.210285,0.4927,0.45750326
2026-04-25 02:48:55.210285,0.5029,0.45864397
2026-04-25 02:49:05.210285,0.506,0.47120798
2026-04-25 02:49:15.210285,0.5113,0.47773913
2026-04-25 02:49:25.210285,0.5151,0.48377258
2026-04-25 02:49:35.210285,0.5177,0.49052098
2026-04-25 02:49:45.210285,0.5207,0.50098526
2026-04-25 02:49:55.210285,0.5114,0.50126535
2026-04-25 02:50:05.210285,0.505,0.50638825
2026-04-25 02:50:15.210285,0.4947,0.5065001
2026-04-25 02:50:25.210285,0.4859,0.50644135
2026-04-25 02:50:35.210285,0.4794,0.51029944
2026-04-25 02:50:45.210285,0.4834,0.5020038
2026-04-25 02:50:55.210285,0.4857,0.49354678
2026-04-25 02:51:05.210285,0.4906,0.48107222
2026-04-25 02:51:15.210285,0.4912,0.4706047
2026-04-25 02:51:25.210285,0.5002,0.46554855
2026-04-25 02:51:35.210285,0.5028,0.46990684
2026-04-25 02:51:45.210285,0.5017,0.4776788
2026-04-25 02:51:55.210285,0.4974,0.48361954
2026-04-25 02:52:05.210285,0.5025,0.48584452
2026-04-25 02:52:15.210285,0.5031,0.49325603
2026-04-25 02:52:25.210285,0.4937,0.49624604
2026-04-25 02:52:35.210285,0.483,0.49555275
2026-04-25 02:52:45.210285,0.4766,0.4916831
2026-04-25 02:52:55.210285,0.4648,0.49393713
2026-04-25 02:53:05.210285,0.7522,0.49342337
2026-04-25 02:53:15.210285,0.7428,0.48412943
2026-04-25 02:53:25.210285,0.7322,0.4729456
2026-04-25 02:53:35.210285,0.723,0.4680223
2026-04-25 02:53:45.210285,0.7117,0.45752865
2026-04-25 02:53:55.210285,0.7059,0.69510996
2026-04-25 02:54:05.210285,0.688,0.70412064
2026-04-25 02:54:15.210285,0.6734,0.68159467
2026-04-25 02:54:25.210285,0.6552,0.6743528
2026-04-25 02:54:35.210285,0.6382,0.65865886
2026-04-25 02:54:45.210285,0.6183,0.6496652
2026-04-25 02:54:55.210285,0.6097,0.63026834
2026-04-25 02:55:05.210285,0.5968,0.6230234
2026-04-25 02:55:15.210285,0.588,0.6134416
2026-04-25 02:55:25.210285,0.5761,0.59195
2026-04-25 02:55:35.210285,0.5657,0.5775857
2026-04-25 02:55:45.210285,0.5623,0.5764949
2026-04-25 02:55:55.210285,0.5601,0.56376994
2026-04-25 02:56:05.210285,0.562,0.56012964
2026-04-25 02:56:15.210285,0.5592,0.5578159
2026-04-25 02:56:25.210285,0.5591,0.54406005
2026-04-25 02:56:35.210285,0.5551,0.54605377
2026-04-25 02:56:45.210285,0.5536,0.54174805
2026-04-25 02:56:55.210285,0.5466,0.54849374
2026-04-25 02:57:05.210285,0.5474,0.54659665
2026-04-25 02:57:15.210285,0.5455,0.544724
2026-04-25 02:57:25.210285,0.5389,0.54749525
2026-04-25 02:57:35.210285,0.536,0.5462594
2026-04-25 02:57:45.210285,0.5343,0.53759575
2026-04-25 02:57:55.210285,0.5278,0.53980637
2026-04-25 02:58:05.210285,0.5274,0.53549844
2026-04-25 02:58:15.210285,0.5166,0.5267681
2026-04-25 02:58:25.210285,0.5073,0.52249044
2026-04-25 02:58:35.210285,0.4963,0.5193447
2026-04-25 02:58:45.210285,0.4892,0.5138628
2026-04-25 02:58:55.210285,0.4776,0.5113719
2026-04-25 02:59:05.210285,0.4862,0.50294155
2026-04-25 02:59:15.210285,0.4908,0.49734244
2026-04-25 02:59:25.210285,0.5002,0.48595792
2026-04-25 02:59:35.210285,0.5051,0.4784791
2026-04-25 02:59:45.210285,0.5093,0.46888462
2026-04-25 02:59:55.210285,0.5125,0.47849926
2026-04-25 03:00:05.210285,0.5123,0.48554274
2026-04-25 03:00:15.210285,0.5152,0.49613813
2026-04-25 03:00:25.210285,0.5181,0.50305885
2026-04-25 03:00:35.210285,0.5227,0.510504
2026-04-25 03:00:45.210285,0.5307,0.5134061
2026-04-25 03:00:55.210285,0.5356,0.5135971
2026-04-25 03:01:05.210285,0.5438,0.5157368
2026-04-25 03:01:15.210285,0.5504,0.5151219
2026-04-25 03:01:25.210285,0.5554,0.5176787
2026-04-25 03:01:35.210285,0.5415,0.521998
2026-04-25 03:01:45.210285,0.5326,0.5272537
2026-04-25 03:01:55.210285,0.5213,0.53303516
2026-04-25 03:02:05.210285,0.5129,0.5390484
2026-04-25 03:02:15.210285,0.5024,0.5418512
2026-04-25 03:02:25.210285,0.4985,0.5324735
2026-04-25 03:02:35.210285,0.4961,0.52106476
2026-04-25 03:02:45.210285,0.4927,0.5084702
2026-04-25 03:02:55.210285,0.4871,0.4992801
2026-04-25 03:03:05.210285,0.4822,0.49337444
2026-04-25 03:03:15.210285,0.4695,0.49139008
2026-04-25 03:03:25.210285,0.4579,0.49059865
2026-04-25 03:03:35.210285,0.4444,0.48665968
2026-04-25 03:03:45.210285,0.4321,0.48226038
2026-04-25 03:03:55.210285,0.4183,0.47426015
2026-04-25 03:04:05.210285,0.417,0.46441913
2026-04-25 03:04:15.210285,0.4157,0.4543027
2026-04-25 03:04:25.210285,0.4146,0.44230843
2026-04-25 03:04:35.210285,0.4118,0.43032062
2026-04-25 03:04:45.210285,0.407,0.4185661
2026-04-25 03:04:55.210285,0.414,0.41774866
2026-04-25 03:05:05.210285,0.4173,0.42209974
2026-04-25 03:05:15.210285,0.4184,0.42130893
2026-04-25 03:05:25.210285,0.4207,0.42053244
2026-04-25 03:05:35.210285,0.4199,0.4152788
2026-04-25 03:05:45.210285,0.4131,0.42438748
2026-04-25 03:05:55.210285,0.4067,0.42939013
2026-04-25 03:06:05.210285,0.3997,0.42691576
2026-04-25 03:06:15.210285,0.3975,0.42876944
2026-04-25 03:06:25.210285,0.3881,0.429865
2026-04-25 03:06:35.210285,0.3968,0.4180299
2026-04-25 03:06:45.210285,0.4073,0.4123772
2026-04-25 03:06:55.210285,0.4176,0.40585923
2026-04-25 03:07:05.210285,0.4269,0.40410283
2026-04-25 03:07:15.210285,0.4332,0.39756337
2026-04-25 03:07:25.210285,0.4229,0.4053715
2026-04-25 03:07:35.210285,0.4071,0.41877797
2026-04-25 03:07:45.210285,0.3967,0.43048137
2026-04-25 03:07:55.210285,0.385,0.43813047
2026-04-25 03:08:05.210285,0.3789,0.44423926
2026-04-25 03:08:15.210285,0.3801,0.43294203
2026-04-25 03:08:25.210285,0.3787,0.4185204
2026-04-25 03:08:35.210285,0.3824,0.40771568
2026-04-25 03:08:45.210285,0.3867,0.3969792
2026-04-25 03:08:55.210285,0.3898,0.3901497
2026-04-25 03:09:05.210285,0.3822,0.39377922
2026-04-25 03:09:15.210285,0.3706,0.38917178
2026-04-25 03:09:25.210285,0.3585,0.39405277
2026-04-25 03:09:35.210285,0.3504,0.39527398
2026-04-25 03:09:45.210285,0.3385,0.4009327
2026-04-25 03:09:55.210285,0.3421,0.39245635
2026-04-25 03:10:05.210285,0.3494,0.38069487
2026-04-25 03:10:15.210285,0.3513,0.37055913
2026-04-25 03:10:25.210285,0.3539,0.3673216
2026-04-25 03:10:35.210285,0.3585,0.35502106
2026-04-25 03:10:45.210285,0.3677,0.36051503
2026-04-25 03:10:55.210285,0.3808,0.3678366
2026-04-25 03:11:05.210285,0.3939,0.3704409
2026-04-25 03:11:15.210285,0.401,0.371833
2026-04-25 03:11:25.210285,0.4091,0.3769613
2026-04-25 03:11:35.210285,0.4008,0.38360286
2026-04-25 03:11:45.210285,0.3963,0.39697793
2026-04-25 03:11:55.210285,0.3901,0.4105496
2026-04-25 03:12:05.210285,0.3862,0.41717643
2026-04-25 03:12:15.210285,0.3823,0.42186132
2026-04-25 03:12:25.210285,0.3822,0.41523978
2026-04-25 03:12:35.210285,0.3816,0.4098414
2026-04-25 03:12:45.210285,0.3776,0.4028079
2026-04-25 03:12:55.210285,0.3765,0.3974003
2026-04-25 03:13:05.210285,0.3788,0.39510906
2026-04-25 03:13:15.210285,0.3826,0.393479
2026-04-25 03:13:25.210285,0.3814,0.393325
2026-04-25 03:13:35.210285,0.3821,0.38818702
2026-04-25 03:13:45.210285,0.3896,0.38636968
2026-04-25 03:13:55.210285,0.3888,0.38959777
2026-04-25 03:14:05.210285,0.3965,0.39455575
2026-04-25 03:14:15.210285,0.4087,0.3933305
2026-04-25 03:14:25.210285,0.4216,0.39561766
2026-04-25 03:14:35.210285,0.4288,0.40194568
2026-04-25 03:14:45.210285,0.4426,0.40102303
2026-04-25 03:14:55.210285,0.44,0.404275
2026-04-25 03:15:05.210285,0.4435,0.41605192
2026-04-25 03:15:15.210285,0.4422,0.4258141
2026-04-25 03:15:25.210285,0.4392,0.42991275
2026-04-25 03:15:35.210285,0.4401,0.4380481
2026-04-25 03:15:45.210285,0.4473,0.43667123
2026-04-25 03:15:55.210285,0.4485,0.43817675
2026-04-25 03:16:05.210285,0.4521,0.43697459
2026-04-25 03:16:15.210285,0.4536,0.43415666
2026-04-25 03:16:25.210285,0.4608,0.435024
2026-04-25 03:16:35.210285,0.4676,0.44181168
2026-04-25 03:16:45.210285,0.4736,0.44574028
2026-04-25 03:16:55.210285,0.4793,0.4483006
2026-04-25 03:17:05.210285,0.4869,0.451516
2026-04-25 03:17:15.210285,0.4906,0.4595375
2026-04-25 03:17:25.210285,0.4743,0.46819663
2026-04-25 03:17:35.210285,0.4595,0.47305334
2026-04-25 03:17:45.210285,0.4457,0.47812256
2026-04-25 03:17:55.210285,0.4346,0.48572472
2026-04-25 03:18:05.210285,0.4195,0.49095988
2026-04-25 03:18:15.210285,0.424,0.47442976
2026-04-25 03:18:25.210285,0.4295,0.45992842
2026-04-25 03:18:35.210285,0.4341,0.44402644
2026-04-25 03:18:45.210285,0.4371,0.4327369
2026-04-25 03:18:55.210285,0.4436,0.42034733
2026-04-25 03:19:05.210285,0.4322,0.42365015
2026-04-25 03:19:15.210285,0.422,0.43246755
2026-04-25 03:19:25.210285,0.4075,0.43837178
2026-04-25 03:19:35.210285,0.3973,0.44322968
2026-04-25 03:19:45.210285,0.3889,0.44755068
2026-04-25 03:19:55.210285,0.3967,0.43818194
2026-04-25 03:20:05.210285,0.4047,0.4252041
2026-04-25 03:20:15.210285,0.4122,0.4125189
2026-04-25 03:20:25.210285,0.4194,0.4049201
2026-04-25 03:20:35.210285,0.4233,0.39653897
2026-04-25 03:20:45.210285,0.4337,0.4050886
2026-04-25 03:20:55.210285,0.4422,0.41279873
2026-04-25 03:21:05.210285,0.4503,0.4222071
2026-04-25 03:21:15.210285,0.4586,0.42732722
2026-04-25 03:21:25.210285,0.4666,0.43175548
2026-04-25 03:21:35.210285,0.4669,0.43506566
2026-04-25 03:21:45.210285,0.4699,0.44317746
2026-04-25 03:21:55.210285,0.4709,0.44835845
2026-04-25 03:22:05.210285,0.4721,0.4571451
2026-04-25 03:22:15.210285,0.4767,0.46136877
2026-04-25 03:22:25.210285,0.4748,0.46178097
2026-04-25 03:22:35.210285,0.4737,0.4636275
2026-04-25 03:22:45.210285,0.4712,0.46562737
2026-04-25 03:22:55.210285,0.4689,0.46512616
2026-04-25 03:23:05.210285,0.4684,0.4711778
2026-04-25 03:23:15.210285,0.4717,0.47073665
2026-04-25 03:23:25.210285,0.4791,0.4691055
2026-04-25 03:23:35.210285,0.4832,0.46484318
2026-04-25 03:23:45.210285,0.4911,0.46742797
2026-04-25 03:23:55.210285,0.496,0.4661221
2026-04-25 03:24:05.210285,0.4977,0.467959
2026-04-25 03:24:15.210285,0.4971,0.47270083
2026-04-25 03:24:25.210285,0.4948,0.47857657
2026-04-25 03:24:35.210285,0.4931,0.48651332
2026-04-25 03:24:45.210285,0.494,0.49278975
2026-04-25 03:24:55.210285,0.502,0.4934103
2026-04-25 03:25:05.210285,0.5045,0.4922822
2026-04-25 03:25:15.210285,0.5082,0.4879653
2026-04-25 03:25:25.210285,0.5109,0.48803174
2026-04-25 03:25:35.210285,0.5151,0.4883553
2026-04-25 03:25:45.210285,0.5208,0.4959479
2026-04-25 03:25:55.210285,0.5276,0.49792543
2026-04-25 03:26:05.210285,0.5326,0.50240415
2026-04-25 03:26:15.210285,0.539,0.5024344
2026-04-25 03:26:25.210285,0.5433,0.50479484
2026-04-25 03:26:35.210285,0.5332,0.50739634
2026-04-25 03:26:45.210285,0.5181,0.51375926
2026-04-25 03:26:55.210285,0.5035,0.5180266
2026-04-25 03:27:05.210285,0.4898,0.5255595
2026-04-25 03:27:15.210285,0.4795,0.52933645
2026-04-25 03:27:25.210285,0.4875,0.5202123
2026-04-25 03:27:35.210285,0.4924,0.5046312
2026-04-25 03:27:45.210285,0.4948,0.49281746
2026-04-25 03:27:55.210285,0.4977,0.48066545
2026-04-25 03:28:05.210285,0.5042,0.47221708
2026-04-25 03:28:15.210285,0.515,0.48037747
2026-04-25 03:28:25.210285,0.5159,0.49173415
2026-04-25 03:28:35.210285,0.5238,0.49446929
2026-04-25 03:28:45.210285,0.5325,0.4992611
2026-04-25 03:28:55.210285,0.5377,0.5012625
2026-04-25 03:29:05.210285,0.5401,0.5123707
2026-04-25 03:29:15.210285,0.5411,0.5131213
2026-04-25 03:29:25.210285,0.5443,0.51941353
2026-04-25 03:29:35.210285,0.5401,0.5272194
2026-04-25 03:29:45.210285,0.5407,0.5279691
2026-04-25 03:29:55.210285,0.5361,0.5295487
2026-04-25 03:30:05.210285,0.5349,0.53236324
2026-04-25 03:30:15.210285,0.5272,0.5309883
2026-04-25 03:30:25.210285,0.5232,0.5278015
2026-04-25 03:30:35.210285,0.5175,0.52438176
2026-04-25 03:30:45.210285,0.5081,0.5213587
2026-04-25 03:30:55.210285,0.5001,0.52238023
2026-04-25 03:31:05.210285,0.4952,0.5188515
2026-04-25 03:31:15.210285,0.4875,0.51298475
2026-04-25 03:31:25.210285,0.4821,0.509094
2026-04-25 03:31:35.210285,0.4655,0.5019981
2026-04-25 03:31:45.210285,0.4523,0.49697948
2026-04-25 03:31:55.210285,0.438,0.49372157
2026-04-25 03:32:05.210285,0.4291,0.4912195
2026-04-25 03:32:15.210285,0.4143,0.48615342
2026-04-25 03:32:25.210285,0.4165,0.47320747
2026-04-25 03:32:35.210285,0.415,0.4572973
2026-04-25 03:32:45.210285,0.4161,0.44466412
2026-04-25 03:32:55.210285,0.419,0.42998803
2026-04-25 03:33:05.210285,0.4202,0.41891837
2026-04-25 03:33:15.210285,0.4234,0.41833723
2026-04-25 03:33:25.210285,0.426,0.41678077
2026-04-25 03:33:35.210285,0.4325,0.41758388
2026-04-25 03:33:45.210285,0.4368,0.42396715
2026-04-25 03:33:55.210285,0.4411,0.42530605
2026-04-25 03:34:05.210285,0.4487,0.43050137
2026-04-25 03:34:15.210285,0.4576,0.42884794
2026-04-25 03:34:25.210285,0.4648,0.43695104
2026-04-25 03:34:35.210285,0.4728,0.44149247
2026-04-25 03:34:45.210285,0.4785,0.44205025
2026-04-25 03:34:55.210285,0.4705,0.44680777
2026-04-25 03:35:05.210285,0.4604,0.4564207
2026-04-25 03:35:15.210285,0.4572,0.4616078
2026-04-25 03:35:25.210285,0.4519,0.4678468
2026-04-25 03:35:35.210285,0.4514,0.4726801
2026-04-25 03:35:45.210285,0.438,0.46325606
2026-04-25 03:35:55.210285,0.4266,0.45037022
2026-04-25 03:36:05.210285,0.4162,0.44669414
2026-04-25 03:36:15.210285,0.411,0.44026402
2026-04-25 03:36:25.210285,0.3997,0.4406165
2026-04-25 03:36:35.210285,0.4034,0.43107614
2026-04-25 03:36:45.210285,0.4072,0.42478052
2026-04-25 03:36:55.210285,0.4116,0.415366
2026-04-25 03:37:05.210285,0.413,0.41385484
2026-04-25 03:37:15.210285,0.4165,0.40430763
2026-04-25 03:37:25.210285,0.4151,0.4101385
2026-04-25 03:37:35.210285,0.4092,0.41390878
2026-04-25 03:37:45.210285,0.4103,0.42106906
2026-04-25 03:37:55.210285,0.4109,0.4254574
2026-04-25 03:38:05.210285,0.4108,0.42831084
2026-04-25 03:38:15.210285,0.414,0.427022
2026-04-25 03:38:25.210285,0.4173,0.42388088
2026-04-25 03:38:35.210285,0.417,0.4253194
2026-04-25 03:38:45.210285,0.4176,0.42623618
2026-04-25 03:38:55.210285,0.423,0.42710793
2026-04-25 03:39:05.210285,0.4255,0.43037003
2026-04-25 03:39:15.210285,0.4239,0.4312018
2026-04-25 03:39:25.210285,0.425,0.43156713
2026-04-25 03:39:35.210285,0.4245,0.4279939
2026-04-25 03:39:45.210285,0.4185,0.43435133
2026-04-25 03:39:55.210285,0.4222,0.43408754
2026-04-25 03:40:05.210285,0.4298,0.4330831
2026-04-25 03:40:15.210285,0.4372,0.43210053
2026-04-25 03:40:25.210285,0.4416,0.43251124
2026-04-25 03:40:35.210285,0.4499,0.42640474
2026-04-25 03:40:45.210285,0.4428,0.42849177
2026-04-25 03:40:55.210285,0.4364,0.43510583
2026-04-25 03:41:05.210285,0.4269,0.4438613
2026-04-25 03:41:15.210285,0.4184,0.4474488
2026-04-25 03:41:25.210285,0.4133,0.45420477
2026-04-25 03:41:35.210285,0.4214,0.44785428
2026-04-25 03:41:45.210285,0.4329,0.4417787
2026-04-25 03:41:55.210285,0.4433,0.42951548
2026-04-25 03:42:05.210285,0.4517,0.42173377
2026-04-25 03:42:15.210285,0.4587,0.41297713
2026-04-25 03:42:25.210285,0.4633,0.42325607
2026-04-25 03:42:35.210285,0.4698,0.4346574
2026-04-25 03:42:45.210285,0.4763,0.44723266
2026-04-25 03:42:55.210285,0.4804,0.45502204
2026-04-25 03:43:05.210285,0.4874,0.4634936
2026-04-25 03:43:15.210285,0.4866,0.46624473
2026-04-25 03:43:25.210285,0.8978,0.47013643
2026-04-25 03:43:35.210285,0.8815,0.4767505
2026-04-25 03:43:45.210285,0.8713,0.48095807
2026-04-25 03:43:55.210285,0.8595,0.48776066
2026-04-25 03:44:05.210285,0.8361,0.48604316
2026-04-25 03:44:15.210285,0.8128,0.8032187
2026-04-25 03:44:25.210285,0.7932,0.81020296
2026-04-25 03:44:35.210285,0.7731,0.78709066
2026-04-25 03:44:45.210285,0.7548,0.78503317
2026-04-25 03:44:55.210285,0.7522,0.76142144
2026-04-25 03:45:05.210285,0.7468,0.7421136
2026-04-25 03:45:15.210285,0.7426,0.7194934
2026-04-25 03:45:25.210285,0.7329,0.70768154
2026-04-25 03:45:35.210285,0.7245,0.7016698
2026-04-25 03:45:45.210285,0.7136,0.6888183
2026-04-25 03:45:55.210285,0.7053,0.6887605
2026-04-25 03:46:05.210285,0.6929,0.693622
2026-04-25 03:46:15.210285,0.6816,0.6855575
2026-04-25 03:46:25.210285,0.6707,0.6804793
2026-04-25 03:46:35.210285,0.6638,0.67731464
2026-04-25 03:46:45.210285,0.6558,0.6648928
2026-04-25 03:46:55.210285,0.6484,0.6627254
2026-04-25 03:47:05.210285,0.6456,0.6490633
2026-04-25 03:47:15.210285,0.6352,0.6433141
2026-04-25 03:47:25.210285,0.6314,0.63495916
2026-04-25 03:47:35.210285,0.6314,0.62938523
2026-04-25 03:47:45.210285,0.6312,0.6297139
2026-04-25 03:47:55.210285,0.6257,0.62586594
2026-04-25 03:48:05.210285,0.6193,0.6138232
2026-04-25 03:48:15.210285,0.6234,0.6139804
2026-04-25 03:48:25.210285,0.6261,0.6107993
2026-04-25 03:48:35.210285,0.6306,0.6073136
2026-04-25 03:48:45.210285,0.6362,0.6007549
2026-04-25 03:48:55.210285,0.6421,0.5959356
2026-04-25 03:49:05.210285,0.6267,0.60405403
2026-04-25 03:49:15.210285,0.6137,0.6062828
2026-04-25 03:49:25.210285,0.6052,0.6071367
2026-04-25 03:49:35.210285,0.593,0.6147348
2026-04-25 03:49:45.210285,0.5808,0.6191468
2026-04-25 03:49:55.210285,0.5722,0.6035755
2026-04-25 03:50:05.210285,0.5614,0.5896883
2026-04-25 03:50:15.210285,0.5505,0.58153677
2026-04-25 03:50:25.210285,0.5444,0.57072896
2026-04-25 03:50:35.210285,0.5383,0.56044054
2026-04-25 03:50:45.210285,0.5459,0.55258834
2026-04-25 03:50:55.210285,0.5507,0.54643273
2026-04-25 03:51:05.210285,0.5537,0.5380965
2026-04-25 03:51:15.210285,0.5572,0.5330426
2026-04-25 03:51:25.210285,0.5637,0.534584
2026-04-25 03:51:35.210285,0.5566,0.5423445
2026-04-25 03:51:45.210285,0.5454,0.548965
2026-04-25 03:51:55.210285,0.5347,0.5497615
2026-04-25 03:52:05.210285,0.526,0.55304813
2026-04-25 03:52:15.210285,0.518,0.55837965
2026-04-25 03:52:25.210285,0.5215,0.54983586
2026-04-25 03:52:35.210285,0.5228,0.5338915
2026-04-25 03:52:45.210285,0.5266,0.5242256
2026-04-25 03:52:55.210285,0.5328,0.5160832
2026-04-25 03:53:05.210285,0.5379,0.50890636
2026-04-25 03:53:15.210285,0.5261,0.5104036
2026-04-25 03:53:25.210285,0.5142,0.5141039
2026-04-25 03:53:35.210285,0.5058,0.5158463
2026-04-25 03:53:45.210285,0.4923,0.52114826
2026-04-25 03:53:55.210285,0.4802,0.5283798
2026-04-25 03:54:05.210285,0.475,0.51759773
2026-04-25 03:54:15.210285,0.4711,0.50403345
2026-04-25 03:54:25.210285,0.4656,0.49762073
2026-04-25 03:54:35.210285,0.4599,0.48711672
2026-04-25 03:54:45.210285,0.4559,0.4757236
2026-04-25 03:54:55.210285,0.4474,0.47202706
2026-04-25 03:55:05.210285,0.4399,0.47070542
2026-04-25 03:55:15.210285,0.4345,0.4656833
2026-04-25 03:55:25.210285,0.4302,0.4612231
2026-04-25 03:55:35.210285,0.4193,0.45594665
2026-04-25 03:55:45.210285,0.4126,0.45127046
2026-04-25 03:55:55.210285,0.4042,0.44340885
2026-04-25 03:56:05.210285,0.396,0.4403466
2026-04-25 03:56:15.210285,0.3827,0.43849206
2026-04-25 03:56:25.210285,0.3755,0.42976776
2026-04-25 03:56:35.210285,0.3865,0.42326242
2026-04-25 03:56:45.210285,0.3992,0.41651148
2026-04-25 03:56:55.210285,0.409,0.40785986
2026-04-25 03:57:05.210285,0.416,0.3958218
2026-04-25 03:57:15.210285,0.4263,0.38889933
2026-04-25 03:57:25.210285,0.4246,0.3999846
2026-04-25 03:57:35.210285,0.4271,0.41256037
2026-04-25 03:57:45.210285,0.4273,0.42274615
2026-04-25 03:57:55.210285,0.4296,0.42813376
2026-04-25 03:58:05.210285,0.4307,0.43492678
2026-04-25 03:58:15.210285,0.4307,0.4301348
2026-04-25 03:58:25.210285,0.4326,0.43069518
2026-04-25 03:58:35.210285,0.4388,0.43233395
2026-04-25 03:58:45.210285,0.443,0.4342082
2026-04-25 03:58:55.210285,0.4481,0.43478975
2026-04-25 03:59:05.210285,0.4367,0.43398914
2026-04-25 03:59:15.210285,0.4253,0.43667385
2026-04-25 03:59:25.210285,0.0521,0.4421222
2026-04-25 03:59:35.210285,0.0506,0.4415911
2026-04-25 03:59:45.210285,0.0539,0.44617164
2026-04-25 03:59:55.210285,0.0761,0.43593875
2026-04-25 04:00:05.210285,0.093,0.42413116
2026-04-25 04:00:15.210285,0.1143,0.13849825
2026-04-25 04:00:25.210285,0.1382,0.112764895
2026-04-25 04:00:35.210285,0.1595,0.12936726
2026-04-25 04:00:45.210285,0.1653,0.15138489
2026-04-25 04:00:55.210285,0.1735,0.16966578
2026-04-25 04:01:05.210285,0.1793,0.18166411
2026-04-25 04:01:15.210285,0.1867,0.20165652
2026-04-25 04:01:25.210285,0.1907,0.2137025
2026-04-25 04:01:35.210285,0.2083,0.22296517
2026-04-25 04:01:45.210285,0.2197,0.2278827
2026-04-25 04:01:55.210285,0.2308,0.23600969
2026-04-25 04:02:05.210285,0.2418,0.23340006
2026-04-25 04:02:15.210285,0.2561,0.23912829
2026-04-25 04:02:25.210285,0.2537,0.2531336
2026-04-25 04:02:35.210285,0.2539,0.25967836
2026-04-25 04:02:45.210285,0.2553,0.27566618
2026-04-25 04:02:55.210285,0.256,0.28031135
2026-04-25 04:03:05.210285,0.2567,0.28942427
2026-04-25 04:03:15.210285,0.2677,0.2859258
2026-04-25 04:03:25.210285,0.2823,0.2844026
2026-04-25 04:03:35.210285,0.2969,0.28479177
2026-04-25 04:03:45.210285,0.309,0.2867068
2026-04-25 04:03:55.210285,0.3204,0.2853712
2026-04-25 04:04:05.210285,0.3171,0.29850703
2026-04-25 04:04:15.210285,0.312,0.31102926
2026-04-25 04:04:25.210285,0.3106,0.32463756
2026-04-25 04:04:35.210285,0.3071,0.3325801
2026-04-25 04:04:45.210285,0.3044,0.34427208
2026-04-25 04:04:55.210285,0.313,0.3374344
2026-04-25 04:05:05.210285,0.3223,0.3299911
2026-04-25 04:05:15.210285,0.3305,0.32867074
2026-04-25 04:05:25.210285,0.3375,0.33167654
2026-04-25 04:05:35.210285,0.3473,0.32883838
2026-04-25 04:05:45.210285,0.3529,0.33876884
2026-04-25 04:05:55.210285,0.3594,0.3469434
2026-04-25 04:06:05.210285,0.3627,0.35268465
2026-04-25 04:06:15.210285,0.3661,0.3599824
2026-04-25 04:06:25.210285,0.3735,0.3696829
2026-04-25 04:06:35.210285,0.3804,0.37635574
2026-04-25 04:06:45.210285,0.3889,0.38220352
2026-04-25 04:06:55.210285,0.3977,0.38234898
2026-04-25 04:07:05.210285,0.4007,0.38640633
2026-04-25 04:07:15.210285,0.4073,0.3931372
2026-04-25 04:07:25.210285,0.4073,0.39657858
2026-04-25 04:07:35.210285,0.403,0.40257993
2026-04-25 04:07:45.210285,0.4004,0.40893644
2026-04-25 04:07:55.210285,0.3954,0.41193223
2026-04-25 04:08:05.210285,0.3938,0.41774786
2026-04-25 04:08:15.210285,0.3991,0.41671237
2026-04-25 04:08:25.210285,0.4037,0.4129084
2026-04-25 04:08:35.210285,0.4081,0.4089349
2026-04-25 04:08:45.210285,0.4117,0.40467387
2026-04-25 04:08:55.210285,0.4158,0.40197176
2026-04-25 04:09:05.210285,0.418,0.4075339
2026-04-25 04:09:15.210285,0.4285,0.41398817
2026-04-25 04:09:25.210285,0.439,0.42049822
2026-04-25 04:09:35.210285,0.4445,0.4234729
2026-04-25 04:09:45.210285,0.4462,0.42747405
2026-04-25 04:09:55.210285,0.4417,0.42725658
2026-04-25 04:10:05.210285,0.4307,0.43668616
2026-04-25 04:10:15.210285,0.4236,0.4470842
2026-04-25 04:10:25.210285,0.4162,0.45280102
2026-04-25 04:10:35.210285,0.4146,0.45304754
2026-04-25 04:10:45.210285,0.4059,0.44893634
2026-04-25 04:10:55.210285,0.3987,0.43378192
2026-04-25 04:11:05.210285,0.3889,0.42689678
2026-04-25 04:11:15.210285,0.3813,0.41876525
2026-04-25 04:11:25.210285,0.373,0.4180317
2026-04-25 04:11:35.210285,0.3749,0.41187352
2026-04-25 04:11:45.210285,0.3728,0.4099695
2026-04-25 04:11:55.210285,0.3691,0.40376627
2026-04-25 04:12:05.210285,0.3702,0.39761785
2026-04-25 04:12:15.210285,0.3682,0.38847286
2026-04-25 04:12:25.210285,0.3797,0.39191073
2026-04-25 04:12:35.210285,0.3885,0.39284298
2026-04-25 04:12:45.210285,0.3995,0.3908666
2026-04-25 04:12:55.210285,0.4108,0.39263612
2026-04-25 04:13:05.210285,0.4211,0.3938502
2026-04-25 04:13:15.210285,0.4219,0.40374815
2026-04-25 04:13:25.210285,0.4244,0.413683
2026-04-25 04:13:35.210285,0.4246,0.4241555
2026-04-25 04:13:45.210285,0.427,0.43532783
2026-04-25 04:13:55.210285,0.4248,0.44128403
2026-04-25 04:14:05.210285,0.414,0.44247657
2026-04-25 04:14:15.210285,0.4082,0.43857008
2026-04-25 04:14:25.210285,0.3978,0.43791083
2026-04-25 04:14:35.210285,0.3901,0.4359927
2026-04-25 04:14:45.210285,0.3802,0.43208328
2026-04-25 04:14:55.210285,0.3773,0.41836604
2026-04-25 04:15:05.210285,0.3695,0.414802
2026-04-25 04:15:15.210285,0.3628,0.40564325
2026-04-25 04:15:25.210285,0.3579,0.40144768
2026-04-25 04:15:35.210285,0.3449,0.3915742
2026-04-25 04:15:45.210285,0.3473,0.39153555
2026-04-25 04:15:55.210285,0.3472,0.38386896
2026-04-25 04:16:05.210285,0.3499,0.37548387
2026-04-25 04:16:15.210285,0.3567,0.37257713
2026-04-25 04:16:25.210285,0.3569,0.3621822
2026-04-25 04:16:35.210285,0.3483,0.36410064
2026-04-25 04:16:45.210285,0.3431,0.3682208
2026-04-25 04:16:55.210285,0.3369,0.37144023
2026-04-25 04:17:05.210285,0.3323,0.37805602
2026-04-25 04:17:15.210285,0.3276,0.37941265
2026-04-25 04:17:25.210285,0.336,0.37306577
2026-04-25 04:17:35.210285,0.3438,0.36706865
2026-04-25 04:17:45.210285,0.3542,0.361034
2026-04-25 04:17:55.210285,0.3623,0.35448477
2026-04-25 04:18:05.210285,0.3692,0.3536332
2026-04-25 04:18:15.210285,0.3824,0.35720026
2026-04-25 04:18:25.210285,0.3914,0.36633608
2026-04-25 04:18:35.210285,0.4014,0.3776309
2026-04-25 04:18:45.210285,0.409,0.38653344
2026-04-25 04:18:55.210285,0.4174,0.3929557
2026-04-25 04:19:05.210285,0.4043,0.40356767
2026-04-25 04:19:15.210285,0.3944,0.40971163
2026-04-25 04:19:25.210285,0.3874,0.42010045
2026-04-25 04:19:35.210285,0.3764,0.42211914
2026-04-25 04:19:45.210285,0.3695,0.4286606
2026-04-25 04:19:55.210285,0.3609,0.41969016
2026-04-25 04:20:05.210285,0.3531,0.40599167
2026-04-25 04:20:15.210285,0.3779,0.39766034
2026-04-25 04:20:25.210285,0.3663,0.38690776
2026-04-25 04:20:35.210285,0.3594,0.38052136
2026-04-25 04:20:45.210285,0.3745,0.37574205
2026-04-25 04:20:55.210285,0.385,0.36977082
2026-04-25 04:21:05.210285,0.3945,0.39408088
2026-04-25 04:21:15.210285,0.4063,0.3880131
2026-04-25 04:21:25.210285,0.4191,0.38090983
2026-04-25 04:21:35.210285,0.417,0.39151832
2026-04-25 04:21:45.210285,0.4131,0.39908907
2026-04-25 04:21:55.210285,0.4084,0.40546522
2026-04-25 04:22:05.210285,0.4035,0.4206475
2026-04-25 04:22:15.210285,0.3992,0.4307296
2026-04-25 04:22:25.210285,0.4052,0.42888626
2026-04-25 04:22:35.210285,0.414,0.4200835
2026-04-25 04:22:45.210285,0.4177,0.4149492
2026-04-25 04:22:55.210285,0.4226,0.40695265
2026-04-25 04:23:05.210285,0.4276,0.404192
2026-04-25 04:23:15.210285,0.4233,0.40810993
2026-04-25 04:23:25.210285,0.4194,0.4217168
2026-04-25 04:23:35.210285,0.4168,0.42273632
2026-04-25 04:23:45.210285,0.4118,0.4275648
2026-04-25 04:23:55.210285,0.4114,0.43155107
2026-04-25 04:24:05.210285,0.4057,0.42845738
2026-04-25 04:24:15.210285,0.3988,0.42229113
2026-04-25 04:24:25.210285,0.3901,0.42289105
2026-04-25 04:24:35.210285,0.3855,0.42287612
2026-04-25 04:24:45.210285,0.3794,0.42492756
2026-04-25 04:24:55.210285,0.3747,0.4193464
2026-04-25 04:25:05.210285,0.3702,0.41594538
2026-04-25 04:25:15.210285,0.3625,0.4054209
2026-04-25 04:25:25.210285,0.359,0.39878905
2026-04-25 04:25:35.210285,0.3512,0.39080212
2026-04-25 04:25:45.210285,0.3415,0.38764396
2026-04-25 04:25:55.210285,0.3317,0.3833258
2026-04-25 04:26:05.210285,0.3245,0.3788829
2026-04-25 04:26:15.210285,0.3119,0.3756084
2026-04-25 04:26:25.210285,0.3023,0.36935234
2026-04-25 04:26:35.210285,0.2948,0.35897216
2026-04-25 04:26:45.210285,0.2908,0.34955543
2026-04-25 04:26:55.210285,0.2881,0.34064448
2026-04-25 04:27:05.210285,0.2859,0.33111697
2026-04-25 04:27:15.210285,0.2799,0.32185912
2026-04-25 04:27:25.210285,0.2736,0.316708
2026-04-25 04:27:35.210285,0.2621,0.31371585
2026-04-25 04:27:45.210285,0.2526,0.3157336
2026-04-25 04:27:55.210285,0.2424,0.31304926
2026-04-25 04:28:05.210285,0.2964,0.3081756
2026-04-25 04:28:15.210285,0.2974,0.30248713
2026-04-25 04:28:25.210285,0.3068,0.29183656
2026-04-25 04:28:35.210285,0.3148,0.2856663
2026-04-25 04:28:45.210285,0.3165,0.27983862
2026-04-25 04:28:55.210285,0.3184,0.3264383
2026-04-25 04:29:05.210285,0.3142,0.3346204
2026-04-25 04:29:15.210285,0.3089,0.3423346
2026-04-25 04:29:25.210285,0.2993,0.34865355
2026-04-25 04:29:35.210285,0.2895,0.34653094
2026-04-25 04:29:45.210285,0.2825,0.34456044
2026-04-25 04:29:55.210285,0.2976,0.3413064
2026-04-25 04:30:05.210285,0.3125,0.339181
2026-04-25 04:30:15.210285,0.3254,0.32844624
2026-04-25 04:30:25.210285,0.3397,0.32019103
2026-04-25 04:30:35.210285,0.3504,0.31398207
2026-04-25 04:30:45.210285,0.3463,0.3275535
2026-04-25 04:30:55.210285,0.3433,0.34128267
2026-04-25 04:31:05.210285,0.3388,0.35108826
2026-04-25 04:31:15.210285,0.2581,0.3625434
2026-04-25 04:31:25.210285,0.2582,0.37262484
2026-04-25 04:31:35.210285,0.2606,0.37062952
2026-04-25 04:31:45.210285,0.2561,0.3646401
2026-04-25 04:31:55.210285,0.2536,0.3634709
2026-04-25 04:32:05.210285,0.2517,0.29390734
2026-04-25 04:32:15.210285,0.2474,0.28481054
2026-04-25 04:32:25.210285,0.252,0.29092503
2026-04-25 04:32:35.210285,0.2531,0.29080233
2026-04-25 04:32:45.210285,0.2596,0.2902277
2026-04-25 04:32:55.210285,0.2596,0.288852
2026-04-25 04:33:05.210285,0.2644,0.2885297
2026-04-25 04:33:15.210285,0.2646,0.287611
2026-04-25 04:33:25.210285,0.2661,0.29262102
2026-04-25 04:33:35.210285,0.2668,0.29741022
2026-04-25 04:33:45.210285,0.2657,0.299726
2026-04-25 04:33:55.210285,0.2664,0.30179682
2026-04-25 04:34:05.210285,0.2786,0.30487677
2026-04-25 04:34:15.210285,0.2919,0.30372941
2026-04-25 04:34:25.210285,0.3052,0.30171487
2026-04-25 04:34:35.210285,0.3202,0.30426157
2026-04-25 04:34:45.210285,0.3313,0.30314475
2026-04-25 04:34:55.210285,0.3407,0.31205553
2026-04-25 04:35:05.210285,0.354,0.32628852
2026-04-25 04:35:15.210285,0.3618,0.33772075
2026-04-25 04:35:25.210285,0.3749,0.35278273
2026-04-25 04:35:35.210285,0.3838,0.36224145
2026-04-25 04:35:45.210285,0.3819,0.3669308
2026-04-25 04:35:55.210285,0.3795,0.37843645
2026-04-25 04:36:05.210285,0.379,0.383571
2026-04-25 04:36:15.210285,0.3784,0.39154226
2026-04-25 04:36:25.210285,0.3765,0.40092796
2026-04-25 04:36:35.210285,0.3764,0.39652285
2026-04-25 04:36:45.210285,0.3778,0.39393783
2026-04-25 04:36:55.210285,0.3716,0.38906917
2026-04-25 04:37:05.210285,0.3691,0.38913783
2026-04-25 04:37:15.210285,0.3653,0.3852054
2026-04-25 04:37:25.210285,0.3733,0.3854522
2026-04-25 04:37:35.210285,0.3853,0.3858679
2026-04-25 04:37:45.210285,0.4326,0.383761
2026-04-25 04:37:55.210285,0.4412,0.381638
2026-04-25 04:38:05.210285,0.4429,0.3823177
2026-04-25 04:38:15.210285,0.4542,0.3919464
2026-04-25 04:38:25.210285,0.4628,0.40664932
2026-04-25 04:38:35.210285,0.4663,0.45306277
2026-04-25 04:38:45.210285,0.4763,0.46593127
2026-04-25 04:38:55.210285,0.482,0.46402013
2026-04-25 04:39:05.210285,0.4877,0.4710644
2026-04-25 04:39:15.210285,0.4984,0.47730643
2026-04-25 04:39:25.210285,0.5097,0.47997236
2026-04-25 04:39:35.210285,0.5168,0.48693484
2026-04-25 04:39:45.210285,0.523,0.492205
2026-04-25 04:39:55.210285,0.5311,0.4920795
2026-04-25 04:40:05.210285,0.538,0.49819127
2026-04-25 04:40:15.210285,0.5479,0.50763375
2026-04-25 04:40:25.210285,0.5576,0.5125874
2026-04-25 04:40:35.210285,0.5651,0.5136407
2026-04-25 04:40:45.210285,0.565,0.5154407
2026-04-25 04:40:55.210285,0.5676,0.52024984
2026-04-25 04:41:05.210285,0.5674,0.52916205
2026-04-25 04:41:15.210285,0.5685,0.54011726
2026-04-25 04:41:25.210285,0.5675,0.5484866
2026-04-25 04:41:35.210285,0.5649,0.54456085
2026-04-25 04:41:45.210285,0.5594,0.5452853
2026-04-25 04:41:55.210285,0.5562,0.54350483
2026-04-25 04:42:05.210285,0.5531,0.5422138
2026-04-25 04:42:15.210285,0.5503,0.5391923
2026-04-25 04:42:25.210285,0.5371,0.5374768
2026-04-25 04:42:35.210285,0.5259,0.53096104
2026-04-25 04:42:45.210285,0.5143,0.52884215
2026-04-25 04:42:55.210285,0.501,0.52593446
2026-04-25 04:43:05.210285,0.488,0.5272373
2026-04-25 04:43:15.210285,0.4972,0.51720107
2026-04-25 04:43:25.210285,0.5021,0.5079943
2026-04-25 04:43:35.210285,0.5093,0.4986533
2026-04-25 04:43:45.210285,0.522,0.48776922
2026-04-25 04:43:55.210285,0.5302,0.47559938
2026-04-25 04:44:05.210285,0.5317,0.48492977
2026-04-25 04:44:15.210285,0.5335,0.49233237
2026-04-25 04:44:25.210285,0.5339,0.49992713
2026-04-25 04:44:35.210285,0.5379,0.51304215
2026-04-25 04:44:45.210285,0.5375,0.5233759
2026-04-25 04:44:55.210285,0.5302,0.52253914
2026-04-25 04:45:05.210285,0.5227,0.5242281
2026-04-25 04:45:15.210285,0.5186,0.5237179
2026-04-25 04:45:25.210285,0.5103,0.52572715
2026-04-25 04:45:35.210285,0.5041,0.5258164
2026-04-25 04:45:45.210285,0.4937,0.52272487
2026-04-25 04:45:55.210285,0.4824,0.51175255
2026-04-25 04:46:05.210285,0.4733,0.5067743
2026-04-25 04:46:15.210285,0.4619,0.4944032
2026-04-25 04:46:25.210285,0.4495,0.4916834
2026-04-25 04:46:35.210285,0.4415,0.4845929
2026-04-25 04:46:45.210285,0.4274,0.4767299
2026-04-25 04:46:55.210285,0.4194,0.46515614
2026-04-25 04:47:05.210285,0.4077,0.45601574
2026-04-25 04:47:15.210285,0.3948,0.44809544
2026-04-25 04:47:25.210285,0.4047,0.43961638
2026-04-25 04:47:35.210285,0.4168,0.42561242
2026-04-25 04:47:45.210285,0.4284,0.4216479
2026-04-25 04:47:55.210285,0.4412,0.40952444
2026-04-25 04:48:05.210285,0.4536,0.3994277
2026-04-25 04:48:15.210285,0.4512,0.40844768
2026-04-25 04:48:25.210285,0.4509,0.42525998
2026-04-25 04:48:35.210285,0.4536,0.4358623
2026-04-25 04:48:45.210285,0.4536,0.45250097
2026-04-25 04:48:55.210285,0.4529,0.463877
2026-04-25 04:49:05.210285,0.4492,0.46146905
2026-04-25 04:49:15.210285,0.4494,0.45804694
2026-04-25 04:49:25.210285,0.4439,0.45845756
2026-04-25 04:49:35.210285,0.4369,0.4559775
2026-04-25 04:49:45.210285,0.428,0.45476606
2026-04-25 04:49:55.210285,0.4268,0.44958377
2026-04-25 04:50:05.210285,0.4236,0.45108238
2026-04-25 04:50:15.210285,0.4213,0.44551763
2026-04-25 04:50:25.210285,0.4211,0.43859512
2026-04-25 04:50:35.210285,0.4222,0.43188107
2026-04-25 04:50:45.210285,0.4265,0.43091616
2026-04-25 04:50:55.210285,0.4257,0.42836335
2026-04-25 04:51:05.210285,0.4324,0.42660713
2026-04-25 04:51:15.210285,0.4339,0.42749435
2026-04-25 04:51:25.210285,0.4403,0.42952645
2026-04-25 04:51:35.210285,0.4306,0.43144906
2026-04-25 04:51:45.210285,0.4169,0.43008235
2026-04-25 04:51:55.210285,0.4032,0.43724555
2026-04-25 04:52:05.210285,0.3904,0.44187975
2026-04-25 04:52:15.210285,0.3804,0.44611362
2026-04-25 04:52:25.210285,0.3853,0.4386054
2026-04-25 04:52:35.210285,0.3972,0.42487544
2026-04-25 04:52:45.210285,0.4055,0.410292
2026-04-25 04:52:55.210285,0.4132,0.3949264
2026-04-25 04:53:05.210285,0.4173,0.38923764
2026-04-25 04:53:15.210285,0.409,0.39134252
2026-04-25 04:53:25.210285,0.3975,0.40705475
2026-04-25 04:53:35.210285,0.3895,0.41766423
2026-04-25 04:53:45.210285,0.3825,0.42603993
2026-04-25 04:53:55.210285,0.3716,0.43060368
2026-04-25 04:54:05.210285,0.3691,0.42298278
2026-04-25 04:54:15.210285,0.3635,0.4093419
2026-04-25 04:54:25.210285,0.3581,0.40203083
2026-04-25 04:54:35.210285,0.3564,0.39515075
2026-04-25 04:54:45.210285,0.354,0.38494444
2026-04-25 04:54:55.210285,0.3574,0.38324398
2026-04-25 04:55:05.210285,0.4239,0.38175464
2026-04-25 04:55:15.210285,0.4201,0.37523174
2026-04-25 04:55:25.210285,0.4219,0.3742814
2026-04-25 04:55:35.210285,0.418,0.37080482
2026-04-25 04:55:45.210285,0.4298,0.37363952
2026-04-25 04:55:55.210285,0.4371,0.43276626
2026-04-25 04:56:05.210285,0.4464,0.43707818
2026-04-25 04:56:15.210285,0.4539,0.43635905
2026-04-25 04:56:25.210285,0.4629,0.4311088
2026-04-25 04:56:35.210285,0.4624,0.4378456
2026-04-25 04:56:45.210285,0.4647,0.44402295
2026-04-25 04:56:55.210285,0.465,0.449372
2026-04-25 04:57:05.210285,0.463,0.46051326
2026-04-25 04:57:15.210285,0.4626,0.46807754
2026-04-25 04:57:25.210285,0.4651,0.46873865
2026-04-25 04:57:35.210285,0.4667,0.47154462
2026-04-25 04:57:45.210285,0.4686,0.47543973
2026-04-25 04:57:55.210285,0.4686,0.47069693
2026-04-25 04:58:05.210285,0.4701,0.4693868
2026-04-25 04:58:15.210285,0.4572,0.4678406
2026-04-25 04:58:25.210285,0.4448,0.46856645
2026-04-25 04:58:35.210285,0.4324,0.47138432
2026-04-25 04:58:45.210285,0.4173,0.47115213
2026-04-25 04:58:55.210285,0.405,0.47343233
2026-04-25 04:59:05.210285,0.3957,0.46128505
2026-04-25 04:59:15.210285,0.3886,0.44614494
2026-04-25 04:59:25.210285,0.3804,0.4345478
2026-04-25 04:59:35.210285,0.3753,0.42067033
2026-04-25 04:59:45.210285,0.3696,0.41023982
2026-04-25 04:59:55.210285,0.3602,0.4016652
2026-04-25 05:00:05.210285,0.3457,0.39591172
2026-04-25 05:00:15.210285,0.3361,0.38892865
2026-04-25 05:00:25.210285,0.3257,0.38645667
2026-04-25 05:00:35.210285,0.3195,0.3837912
2026-04-25 05:00:45.210285,0.3108,0.37719876
2026-04-25 05:00:55.210285,0.2984,0.36440173
2026-04-25 05:01:05.210285,0.2881,0.35796994
2026-04-25 05:01:15.210285,0.9521,0.3501436
2026-04-25 05:01:25.210285,0.9259,0.34399223
2026-04-25 05:01:35.210285,0.9063,0.33834955
2026-04-25 05:01:45.210285,0.8852,0.3294294
2026-04-25 05:01:55.210285,0.8662,0.32307613
2026-04-25 05:02:05.210285,0.8474,0.8552427
2026-04-25 05:02:15.210285,0.8284,0.861428
2026-04-25 05:02:25.210285,0.814,0.8272529
2026-04-25 05:02:35.210285,0.805,0.8168496
2026-04-25 05:02:45.210285,0.7937,0.7962271
2026-04-25 05:02:55.210285,0.7785,0.78401196
2026-04-25 05:03:05.210285,0.7686,0.75596833
2026-04-25 05:03:15.210285,0.7599,0.744568
2026-04-25 05:03:25.210285,0.7515,0.74288917
2026-04-25 05:03:35.210285,0.7393,0.71797884
2026-04-25 05:03:45.210285,0.7349,0.7135669
2026-04-25 05:03:55.210285,0.7305,0.71757114
2026-04-25 05:04:05.210285,0.7224,0.7110223
2026-04-25 05:04:15.210285,0.712,0.703905
2026-04-25 05:04:25.210285,0.705,0.7094233
2026-04-25 05:04:35.210285,0.6971,0.69384617
2026-04-25 05:04:45.210285,0.6867,0.69806355
2026-04-25 05:04:55.210285,0.6675,0.6778966
2026-04-25 05:05:05.210285,0.6479,0.6729599
2026-04-25 05:05:15.210285,0.0537,0.6622914
2026-04-25 05:05:25.210285,0.0547,0.6618482
2026-04-25 05:05:35.210285,0.0628,0.6615044
2026-04-25 05:05:45.210285,0.0627,0.64580566
2026-04-25 05:05:55.210285,0.0619,0.62222415
2026-04-25 05:06:05.210285,0.0617,0.15882802
2026-04-25 05:06:15.210285,0.0652,0.1107699
2026-04-25 05:06:25.210285,0.0679,0.13778901
2026-04-25 05:06:35.210285,0.0729,0.14120662
2026-04-25 05:06:45.210285,0.0762,0.14978981
2026-04-25 05:06:55.210285,0.0818,0.14097205
2026-04-25 05:07:05.210285,0.0804,0.14719012
2026-04-25 05:07:15.210285,0.0864,0.14123574
2026-04-25 05:07:25.210285,0.091,0.16504231
2026-04-25 05:07:35.210285,0.0928,0.16201156
2026-04-25 05:07:45.210285,0.0976,0.172524
2026-04-25 05:07:55.210285,0.1003,0.15785888
2026-04-25 05:08:05.210285,0.1051,0.16750157
2026-04-25 05:08:15.210285,0.1196,0.16994938
2026-04-25 05:08:25.210285,0.1279,0.15915138
2026-04-25 05:08:35.210285,0.1409,0.1624453
2026-04-25 05:08:45.210285,0.1506,0.16788566
2026-04-25 05:08:55.210285,0.1624,0.17328182
2026-04-25 05:09:05.210285,0.1765,0.1797773
2026-04-25 05:09:15.210285,0.1844,0.18989198
2026-04-25 05:09:25.210285,0.1905,0.20021337
2026-04-25 05:09:35.210285,0.1989,0.21111026
2026-04-25 05:09:45.210285,0.203,0.21272181
2026-04-25 05:09:55.210285,0.5611,0.22583927
2026-04-25 05:10:05.210285,0.5585,0.2336048
2026-04-25 05:10:15.210285,0.5561,0.23459466
2026-04-25 05:10:25.210285,0.5505,0.23906578
2026-04-25 05:10:35.210285,0.5478,0.24246512
2026-04-25 05:10:45.210285,0.5484,0.5554094
2026-04-25 05:10:55.210285,0.5515,0.57448864
2026-04-25 05:11:05.210285,0.55,0.5556393
2026-04-25 05:11:15.210285,0.5569,0.556035
2026-04-25 05:11:25.210285,0.5543,0.5430338
2026-04-25 05:11:35.210285,0.5624,0.5365484
2026-04-25 05:11:45.210285,0.5668,0.53730524
2026-04-25 05:11:55.210285,0.5686,0.5408866
2026-04-25 05:12:05.210285,0.5719,0.5474988
2026-04-25 05:12:15.210285,0.577,0.5315528
2026-04-25 05:12:25.210285,0.5712,0.53693634
2026-04-25 05:12:35.210285,0.5739,0.54785186
2026-04-25 05:12:45.210285,0.5756,0.5403168
2026-04-25 05:12:55.210285,0.5786,0.5377881
2026-04-25 05:13:05.210285,0.5773,0.5576786
2026-04-25 05:13:15.210285,0.5688,0.54640067
2026-04-25 05:13:25.210285,0.5629,0.5531314
2026-04-25 05:13:35.210285,0.5556,0.5511058
2026-04-25 05:13:45.210285,0.5515,0.5592046
2026-04-25 05:13:55.210285,0.5431,0.5573837
2026-04-25 05:14:05.210285,0.543,0.5513002
2026-04-25 05:14:15.210285,0.5424,0.54673374
2026-04-25 05:14:25.210285,0.5419,0.54214334
2026-04-25 05:14:35.210285,0.5401,0.53327227
2026-04-25 05:14:45.210285,0.5412,0.52893454
2026-04-25 05:14:55.210285,0.5447,0.5287234
2026-04-25 05:15:05.210285,0.5508,0.5319667
2026-04-25 05:15:15.210285,0.5531,0.53216016
2026-04-25 05:15:25.210285,0.5567,0.5340162
2026-04-25 05:15:35.210285,0.5606,0.5379034
2026-04-25 05:15:45.210285,0.565,0.5371239
2026-04-25 05:15:55.210285,0.5731,0.53956705
2026-04-25 05:16:05.210285,0.5837,0.54330355
2026-04-25 05:16:15.210285,0.5894,0.5419616
2026-04-25 05:16:25.210285,0.595,0.5476233
2026-04-25 05:16:35.210285,0.5942,0.5509523
2026-04-25 05:16:45.210285,0.5877,0.55904365
2026-04-25 05:16:55.210285,0.3646,0.5688322
2026-04-25 05:17:05.210285,0.3693,0.57308817
2026-04-25 05:17:15.210285,0.3791,0.57432866
2026-04-25 05:17:25.210285,0.3916,0.5717447
2026-04-25 05:17:35.210285,0.3973,0.5624407
2026-04-25 05:17:45.210285,0.4024,0.3650152
2026-04-25 05:17:55.210285,0.4089,0.34787259
2026-04-25 05:18:05.210285,0.4158,0.3704998
2026-04-25 05:18:15.210285,0.4112,0.3894053
2026-04-25 05:18:25.210285,0.4088,0.40635225
2026-04-25 05:18:35.210285,0.4066,0.41725844
2026-04-25 05:18:45.210285,0.4006,0.42734128
2026-04-25 05:18:55.210285,0.4018,0.42431587
2026-04-25 05:19:05.210285,0.4064,0.42584935
2026-04-25 05:19:15.210285,0.4063,0.42629135
2026-04-25 05:19:25.210285,0.4041,0.42484662
2026-04-25 05:19:35.210285,0.4076,0.41321003
2026-04-25 05:19:45.210285,0.4042,0.41641933
2026-04-25 05:19:55.210285,0.4034,0.42673224
2026-04-25 05:20:05.210285,0.398,0.4209861
2026-04-25 05:20:15.210285,0.3951,0.42087612
2026-04-25 05:20:25.210285,0.3923,0.4188848
2026-04-25 05:20:35.210285,0.387,0.41354597
2026-04-25 05:20:45.210285,0.3977,0.40947682
2026-04-25 05:20:55.210285,0.4054,0.40527403
2026-04-25 05:21:05.210285,0.4143,0.4070856
2026-04-25 05:21:15.210285,0.423,0.40467268
2026-04-25 05:21:25.210285,0.4332,0.3950287
2026-04-25 05:21:35.210285,0.4377,0.40106097
2026-04-25 05:21:45.210285,0.4387,0.40966094
2026-04-25 05:21:55.210285,0.4411,0.41907898
2026-04-25 05:22:05.210285,0.448,0.43039924
2026-04-25 05:22:15.210285,0.4551,0.4422104
2026-04-25 05:22:25.210285,0.4465,0.44514456
2026-04-25 05:22:35.210285,0.4375,0.44600385
2026-04-25 05:22:45.210285,0.4301,0.44393137
2026-04-25 05:22:55.210285,0.4194,0.449755
2026-04-25 05:23:05.210285,0.4023,0.45402005
2026-04-25 05:23:15.210285,0.4148,0.44816843
2026-04-25 05:23:25.210285,0.4166,0.43954572
2026-04-25 05:23:35.210285,0.4219,0.4312064
2026-04-25 05:23:45.210285,0.4325,0.4243735
2026-04-25 05:23:55.210285,0.4461,0.40949526
2026-04-25 05:24:05.210285,0.4505,0.42090386
2026-04-25 05:24:15.210285,0.4517,0.42557374
2026-04-25 05:24:25.210285,0.4533,0.43322867
2026-04-25 05:24:35.210285,0.4543,0.443981
2026-04-25 05:24:45.210285,0.4554,0.46120384
2026-04-25 05:24:55.210285,0.462,0.4648479
2026-04-25 05:25:05.210285,0.4698,0.46420342
2026-04-25 05:25:15.210285,0.4764,0.46243906
2026-04-25 05:25:25.210285,0.4877,0.46230042
2026-04-25 05:25:35.210285,0.4974,0.4584413
2026-04-25 05:25:45.210285,0.5003,0.4680643
2026-04-25 05:25:55.210285,0.5015,0.4774425
2026-04-25 05:26:05.210285,0.5085,0.47991174
2026-04-25 05:26:15.210285,0.5101,0.4848127
2026-04-25 05:26:25.210285,0.5137,0.4902432
2026-04-25 05:26:35.210285,0.5103,0.49344793
2026-04-25 05:26:45.210285,0.5096,0.49630618
2026-04-25 05:26:55.210285,0.5112,0.4987988
2026-04-25 05:27:05.210285,0.5125,0.5020464
2026-04-25 05:27:15.210285,0.5094,0.5057141
2026-04-25 05:27:25.210285,0.5151,0.50210744
2026-04-25 05:27:35.210285,0.5177,0.5004634
2026-04-25 05:27:45.210285,0.5265,0.50479245
2026-04-25 05:27:55.210285,0.5347,0.50735325
2026-04-25 05:28:05.210285,0.5414,0.508513
2026-04-25 05:28:15.210285,0.526,0.5135912
2026-04-25 05:28:25.210285,0.512,0.5172535
2026-04-25 05:28:35.210285,0.4949,0.52352375
2026-04-25 05:28:45.210285,0.4834,0.52806985
2026-04-25 05:28:55.210285,0.4756,0.5360588
2026-04-25 05:29:05.210285,0.4797,0.5218105
2026-04-25 05:29:15.210285,0.4797,0.51010466
2026-04-25 05:29:25.210285,0.4799,0.4961372
2026-04-25 05:29:35.210285,0.4831,0.4836777
2026-04-25 05:29:45.210285,0.4894,0.47457582
2026-04-25 05:29:55.210285,0.4775,0.4789272
2026-04-25 05:30:05.210285,0.4681,0.48657742
2026-04-25 05:30:15.210285,0.4591,0.48975632
2026-04-25 05:30:25.210285,0.4498,0.49530095
2026-04-25 05:30:35.210285,0.4413,0.4970616
2026-04-25 05:30:45.210285,0.4497,0.48459023
2026-04-25 05:30:55.210285,0.457,0.47449166
2026-04-25 05:31:05.210285,0.462,0.46476603
2026-04-25 05:31:15.210285,0.4656,0.45638552
2026-04-25 05:31:25.210285,0.4734,0.44912454
2026-04-25 05:31:35.210285,0.4671,0.46318686
2026-04-25 05:31:45.210285,0.4567,0.4713401
2026-04-25 05:31:55.210285,0.451,0.4780597
2026-04-25 05:32:05.210285,0.4465,0.47713572
2026-04-25 05:32:15.210285,0.4362,0.48020846
2026-04-25 05:32:25.210285,0.4379,0.47020876
2026-04-25 05:32:35.210285,0.4415,0.4602569
2026-04-25 05:32:45.210285,0.4467,0.45239615
2026-04-25 05:32:55.210285,0.451,0.44932854
2026-04-25 05:33:05.210285,0.4559,0.44394317
2026-04-25 05:33:15.210285,0.4507,0.44473094
2026-04-25 05:33:25.210285,0.4419,0.4473187
2026-04-25 05:33:35.210285,0.4338,0.45123968
2026-04-25 05:33:45.210285,0.4259,0.45330483
2026-04-25 05:33:55.210285,0.4179,0.45870262
2026-04-25 05:34:05.210285,0.4144,0.4520364
2026-04-25 05:34:15.210285,0.4145,0.44551498
2026-04-25 05:34:25.210285,0.4162,0.4379709
2026-04-25 05:34:35.210285,0.4186,0.43229905
2026-04-25 05:34:45.210285,0.4171,0.42608958
2026-04-25 05:34:55.210285,0.4183,0.41984847
2026-04-25 05:35:05.210285,0.4157,0.4214589
2026-04-25 05:35:15.210285,0.4173,0.4221055
2026-04-25 05:35:25.210285,0.4206,0.4255498
2026-04-25 05:35:35.210285,0.4187,0.42722684
2026-04-25 05:35:45.210285,0.4082,0.42877296
2026-04-25 05:35:55.210285,0.3999,0.4258951
2026-04-25 05:36:05.210285,0.3946,0.42729366
2026-04-25 05:36:15.210285,0.3883,0.42817426
2026-04-25 05:36:25.210285,0.3804,0.4291246
2026-04-25 05:36:35.210285,0.384,0.41670832
2026-04-25 05:36:45.210285,0.3884,0.40884736
2026-04-25 05:36:55.210285,0.3954,0.4028355
2026-04-25 05:37:05.210285,0.3954,0.39668337
2026-04-25 05:37:15.210285,0.3986,0.39074516
2026-04-25 05:37:25.210285,0.3918,0.396912
2026-04-25 05:37:35.210285,0.3835,0.39734864
2026-04-25 05:37:45.210285,0.3761,0.4064413
2026-04-25 05:37:55.210285,0.3655,0.4039248
2026-04-25 05:38:05.210285,0.3605,0.40940034
2026-04-25 05:38:15.210285,0.3589,0.4034118
2026-04-25 05:38:25.210285,0.3532,0.39267182
2026-04-25 05:38:35.210285,0.3531,0.387533
2026-04-25 05:38:45.210285,0.3507,0.38123176
2026-04-25 05:38:55.210285,0.3488,0.37611532
2026-04-25 05:39:05.210285,0.352,0.37580708
2026-04-25 05:39:15.210285,0.3528,0.3696726
2026-04-25 05:39:25.210285,0.3563,0.36605975
2026-04-25 05:39:35.210285,0.3613,0.36623013
2026-04-25 05:39:45.210285,0.3683,0.36491895
2026-04-25 05:39:55.210285,0.3824,0.37074733
2026-04-25 05:40:05.210285,0.395,0.3716214
2026-04-25 05:40:15.210285,0.4052,0.37625164
2026-04-25 05:40:25.210285,0.4091,0.3809814
2026-04-25 05:40:35.210285,0.4191,0.38765043
2026-04-25 05:40:45.210285,0.4213,0.39934632
2026-04-25 05:40:55.210285,0.4255,0.41444725
2026-04-25 05:41:05.210285,0.4274,0.4215213
2026-04-25 05:41:15.210285,0.4295,0.42712852
2026-04-25 05:41:25.210285,0.4332,0.43289244
2026-04-25 05:41:35.210285,0.422,0.4362025
2026-04-25 05:41:45.210285,0.4133,0.44050443
2026-04-25 05:41:55.210285,0.4045,0.4424138
2026-04-25 05:42:05.210285,0.3936,0.44029337
2026-04-25 05:42:15.210285,0.3843,0.4424935
2026-04-25 05:42:25.210285,0.3949,0.43291295
2026-04-25 05:42:35.210285,0.4085,0.42500803
2026-04-25 05:42:45.210285,0.4166,0.41439897
2026-04-25 05:42:55.210285,0.425,0.40345138
2026-04-25 05:43:05.210285,0.4344,0.39440256
2026-04-25 05:43:15.210285,0.4276,0.4041137
2026-04-25 05:43:25.210285,0.413,0.42385465
2026-04-25 05:43:35.210285,0.4035,0.43451005
2026-04-25 05:43:45.210285,0.3978,0.44373605
2026-04-25 05:43:55.210285,0.3897,0.45006785
2026-04-25 05:44:05.210285,0.3887,0.44646668
2026-04-25 05:44:15.210285,0.3867,0.42702642
2026-04-25 05:44:25.210285,0.3864,0.41680056
2026-04-25 05:44:35.210285,0.3905,0.4144545
2026-04-25 05:44:45.210285,0.3875,0.4085678
2026-04-25 05:44:55.210285,0.3893,0.40833578
2026-04-25 05:45:05.210285,0.3913,0.40805268
2026-04-25 05:45:15.210285,0.3959,0.40698224
2026-04-25 05:45:25.210285,0.3994,0.40671238
2026-04-25 05:45:35.210285,0.3998,0.40300572
2026-04-25 05:45:45.210285,0.4109,0.4023021
2026-04-25 05:45:55.210285,0.4206,0.4028405
2026-04-25 05:46:05.210285,0.4302,0.4063899
2026-04-25 05:46:15.210285,0.4357,0.40980124
2026-04-25 05:46:25.210285,0.4425,0.41231677
2026-04-25 05:46:35.210285,0.6435,0.4231016
2026-04-25 05:46:45.210285,0.6309,0.43234432
2026-04-25 05:46:55.210285,0.6174,0.43711436
2026-04-25 05:47:05.210285,0.6128,0.4425295
2026-04-25 05:47:15.210285,0.607,0.4500795
2026-04-25 05:47:25.210285,0.599,0.6180445
2026-04-25 05:47:35.210285,0.5956,0.6189531
2026-04-25 05:47:45.210285,0.5876,0.603171
2026-04-25 05:47:55.210285,0.5814,0.5957712
2026-04-25 05:48:05.210285,0.5778,0.58348286
2026-04-25 05:48:15.210285,0.5789,0.5728395
2026-04-25 05:48:25.210285,0.5763,0.56635135
2026-04-25 05:48:35.210285,0.5735,0.56462586
2026-04-25 05:48:45.210285,0.5746,0.56705314
2026-04-25 05:48:55.210285,0.5737,0.55673957
2026-04-25 05:49:05.210285,0.5648,0.5566561
2026-04-25 05:49:15.210285,0.5564,0.5635797
2026-04-25 05:49:25.210285,0.5525,0.5612906
2026-04-25 05:49:35.210285,0.5461,0.55733037
2026-04-25 05:49:45.210285,0.5367,0.5646485
2026-04-25 05:49:55.210285,0.5312,0.5510046
2026-04-25 05:50:05.210285,0.5212,0.54767203
2026-04-25 05:50:15.210285,0.5113,0.54174495
2026-04-25 05:50:25.210285,0.5056,0.54195416
2026-04-25 05:50:35.210285,0.4979,0.53139955
2026-04-25 05:50:45.210285,0.4802,0.52213246
2026-04-25 05:50:55.210285,0.4655,0.51422596
2026-04-25 05:51:05.210285,0.4542,0.50340146
2026-04-25 05:51:15.210285,0.443,0.49750715
2026-04-25 05:51:25.210285,0.4312,0.49451777
2026-04-25 05:51:35.210285,0.427,0.4798721
2026-04-25 05:51:45.210285,0.4258,0.4654558
2026-04-25 05:51:55.210285,0.4263,0.45461684
2026-04-25 05:52:05.210285,0.4246,0.44231758
2026-04-25 05:52:15.210285,0.4238,0.43439224
2026-04-25 05:52:25.210285,0.4205,0.43029124
2026-04-25 05:52:35.210285,0.4169,0.42876378
2026-04-25 05:52:45.210285,0.4108,0.431923
2026-04-25 05:52:55.210285,0.4083,0.4339837
2026-04-25 05:53:05.210285,0.4076,0.435538
2026-04-25 05:53:15.210285,0.3975,0.43049645
2026-04-25 05:53:25.210285,0.3871,0.423387
2026-04-25 05:53:35.210285,0.3804,0.41951627
2026-04-25 05:53:45.210285,0.3737,0.41558248
2026-04-25 05:53:55.210285,0.3692,0.41596985
2026-04-25 05:54:05.210285,0.3764,0.40950814
2026-04-25 05:54:15.210285,0.3832,0.4031394
2026-04-25 05:54:25.210285,0.3896,0.39664835
2026-04-25 05:54:35.210285,0.3968,0.39316028
2026-04-25 05:54:45.210285,0.4046,0.38607177
2026-04-25 05:54:55.210285,0.3896,0.39081284
2026-04-25 05:55:05.210285,0.3807,0.39965615
2026-04-25 05:55:15.210285,0.3746,0.40264022
2026-04-25 05:55:25.210285,0.3651,0.40752977
2026-04-25 05:55:35.210285,0.3608,0.41734576
2026-04-25 05:55:45.210285,0.3612,0.4034726
2026-04-25 05:55:55.210285,0.358,0.39499098
2026-04-25 05:56:05.210285,0.355,0.38840085
2026-04-25 05:56:15.210285,0.3557,0.37953883
2026-04-25 05:56:25.210285,0.3571,0.3748682
2026-04-25 05:56:35.210285,0.3606,0.37744108
2026-04-25 05:56:45.210285,0.3653,0.37496126
2026-04-25 05:56:55.210285,0.3678,0.37257162
2026-04-25 05:57:05.210285,0.3693,0.3746481
2026-04-25 05:57:15.210285,0.3784,0.37828934
2026-04-25 05:57:25.210285,0.3776,0.38117528
2026-04-25 05:57:35.210285,0.3698,0.38680515
2026-04-25 05:57:45.210285,0.3707,0.38778257
2026-04-25 05:57:55.210285,0.3692,0.39372316
2026-04-25 05:58:05.210285,0.3655,0.400629
2026-04-25 05:58:15.210285,0.3542,0.39934063
2026-04-25 05:58:25.210285,0.3386,0.39572558
2026-04-25 05:58:35.210285,0.3345,0.3925254
2026-04-25 05:58:45.210285,0.3277,0.38985884
2026-04-25 05:58:55.210285,0.3173,0.38196635
2026-04-25 05:59:05.210285,0.3085,0.3703103
2026-04-25 05:59:15.210285,0.2951,0.35721782
2026-04-25 05:59:25.210285,0.2864,0.3510238
2026-04-25 05:59:35.210285,0.2828,0.34431356
2026-04-25 05:59:45.210285,0.2719,0.3356398
2026-04-25 05:59:55.210285,0.2733,0.32942328
2026-04-25 06:00:05.210285,0.2739,0.31499362
2026-04-25 06:00:15.210285,0.2776,0.3091514
2026-04-25 06:00:25.210285,0.2803,0.30853593
2026-04-25 06:00:35.210285,0.2814,0.2958029
2026-04-25 06:00:45.210285,0.2912,0.2976213
2026-04-25 06:00:55.210285,0.3045,0.30009675
2026-04-25 06:01:05.210285,0.3133,0.30359614
2026-04-25 06:01:15.210285,0.3272,0.3056275
2026-04-25 06:01:25.210285,0.3401,0.30566505
2026-04-25 06:01:35.210285,0.345,0.3130329
2026-04-25 06:01:45.210285,0.3549,0.32696727
2026-04-25 06:01:55.210285,0.3587,0.33279663
2026-04-25 06:02:05.210285,0.3642,0.34956926
2026-04-25 06:02:15.210285,0.3688,0.36288375
2026-04-25 06:02:25.210285,0.3727,0.36857828
2026-04-25 06:02:35.210285,0.3808,0.3783992
2026-04-25 06:02:45.210285,0.389,0.3818468
2026-04-25 06:02:55.210285,0.394,0.38403332
2026-04-25 06:03:05.210285,0.4009,0.38824612
2026-04-25 06:03:15.210285,0.3896,0.38925248
2026-04-25 06:03:25.210285,0.3837,0.39954576
2026-04-25 06:03:35.210285,0.3761,0.40880033
2026-04-25 06:03:45.210285,0.3683,0.4101539
2026-04-25 06:03:55.210285,0.3591,0.41894987
2026-04-25 06:04:05.210285,0.3669,0.40347353
2026-04-25 06:04:15.210285,0.3782,0.39247036
2026-04-25 06:04:25.210285,0.389,0.3869015
2026-04-25 06:04:35.210285,0.4018,0.38034043
2026-04-25 06:04:45.210285,0.4135,0.3733541
2026-04-25 06:04:55.210285,0.4191,0.38079274
2026-04-25 06:05:05.210285,0.4232,0.39363453
2026-04-25 06:05:15.210285,0.4264,0.4039232
2026-04-25 06:05:25.210285,0.4326,0.41345105
2026-04-25 06:05:35.210285,0.4358,0.42468914
2026-04-25 06:05:45.210285,0.4249,0.42923877
2026-04-25 06:05:55.210285,0.4118,0.43080992
2026-04-25 06:06:05.210285,0.4072,0.43494383
2026-04-25 06:06:15.210285,0.399,0.44380882
2026-04-25 06:06:25.210285,0.3932,0.4439193
2026-04-25 06:06:35.210285,0.3881,0.43490204
2026-04-25 06:06:45.210285,0.3818,0.4198816
2026-04-25 06:06:55.210285,0.379,0.41639647
2026-04-25 06:07:05.210285,0.3796,0.41006452
2026-04-25 06:07:15.210285,0.3779,0.40476286
2026-04-25 06:07:25.210285,0.3783,0.40101916
2026-04-25 06:07:35.210285,0.3763,0.3969564
2026-04-25 06:07:45.210285,0.379,0.39865243
2026-04-25 06:07:55.210285,0.3852,0.4001348
2026-04-25 06:08:05.210285,0.3841,0.398445
2026-04-25 06:08:15.210285,0.3728,0.39819092
2026-04-25 06:08:25.210285,0.3636,0.39846164
2026-04-25 06:08:35.210285,0.3588,0.39668953
2026-04-25 06:08:45.210285,0.348,0.40090522
2026-04-25 06:08:55.210285,0.338,0.4028673
2026-04-25 06:09:05.210285,0.3348,0.388875
2026-04-25 06:09:15.210285,0.3361,0.37832332
2026-04-25 06:09:25.210285,0.341,0.3718682
2026-04-25 06:09:35.210285,0.342,0.35852164
2026-04-25 06:09:45.210285,0.3428,0.35103196
2026-04-25 06:09:55.210285,0.3475,0.34722468
2026-04-25 06:10:05.210285,0.3489,0.34869745
2026-04-25 06:10:15.210285,0.3524,0.35484144
2026-04-25 06:10:25.210285,0.3524,0.3603493
2026-04-25 06:10:35.210285,0.3512,0.36188832
2026-04-25 06:10:45.210285,0.3564,0.36622548
2026-04-25 06:10:55.210285,0.3639,0.3662341
2026-04-25 06:11:05.210285,0.3646,0.36883563
2026-04-25 06:11:15.210285,0.3673,0.37175274
2026-04-25 06:11:25.210285,0.3713,0.37301144
2026-04-25 06:11:35.210285,0.3585,0.37951243
2026-04-25 06:11:45.210285,0.3494,0.38693005
2026-04-25 06:11:55.210285,0.3401,0.38815418
2026-04-25 06:12:05.210285,0.3329,0.38662243
2026-04-25 06:12:15.210285,0.3288,0.38988844
2026-04-25 06:12:25.210285,0.33,0.37723893
2026-04-25 06:12:35.210285,0.3269,0.36988994
2026-04-25 06:12:45.210285,0.3272,0.35750204
2026-04-25 06:12:55.210285,0.3222,0.3520125
2026-04-25 06:13:05.210285,0.323,0.34916294
2026-04-25 06:13:15.210285,0.3227,0.35008597
2026-04-25 06:13:25.210285,0.326,0.345567
2026-04-25 06:13:35.210285,0.3281,0.34590963
2026-04-25 06:13:45.210285,0.3274,0.33943325
2026-04-25 06:13:55.210285,0.3246,0.33947152
2026-04-25 06:14:05.210285,0.3297,0.34081152
2026-04-25 06:14:15.210285,0.3283,0.34434062
2026-04-25 06:14:25.210285,0.3252,0.34706822
2026-04-25 06:14:35.210285,0.3187,0.35001582
2026-04-25 06:14:45.210285,0.3147,0.3447528
2026-04-25 06:14:55.210285,0.3136,0.34940684
2026-04-25 06:15:05.210285,0.312,0.34905183
2026-04-25 06:15:15.210285,0.308,0.34370634
2026-04-25 06:15:25.210285,0.2997,0.33638018
2026-04-25 06:15:35.210285,0.294,0.33456978
2026-04-25 06:15:45.210285,0.2874,0.33398363
2026-04-25 06:15:55.210285,0.2774,0.33560115
2026-04-25 06:16:05.210285,0.2691,0.330651
2026-04-25 06:16:15.210285,0.2606,0.3242091
2026-04-25 06:16:25.210285,0.2513,0.31400478
2026-04-25 06:16:35.210285,0.2469,0.3080566
2026-04-25 06:16:45.210285,0.2441,0.2984343
2026-04-25 06:16:55.210285,0.2426,0.29265308
2026-04-25 06:17:05.210285,0.2371,0.28802657
2026-04-25 06:17:15.210285,0.2367,0.28472364
2026-04-25 06:17:25.210285,0.2501,0.27747157
2026-04-25 06:17:35.210285,0.2628,0.27893764
2026-04-25 06:17:45.210285,0.2813,0.27774262
2026-04-25 06:17:55.210285,0.2919,0.27267355
2026-04-25 06:18:05.210285,0.3041,0.26804072
2026-04-25 06:18:15.210285,0.3091,0.28131342
2026-04-25 06:18:25.210285,0.3109,0.2924
2026-04-25 06:18:35.210285,0.3119,0.30799818
2026-04-25 06:18:45.210285,0.3144,0.32069814
2026-04-25 06:18:55.210285,0.3157,0.33209866
2026-04-25 06:19:05.210285,0.3112,0.33194488
2026-04-25 06:19:15.210285,0.2998,0.33113936
2026-04-25 06:19:25.210285,0.2948,0.3313108
2026-04-25 06:19:35.210285,0.286,0.3350903
2026-04-25 06:19:45.210285,0.2829,0.33754444
2026-04-25 06:19:55.210285,0.281,0.33180535
2026-04-25 06:20:05.210285,0.2762,0.32451534
2026-04-25 06:20:15.210285,0.2721,0.31952408
2026-04-25 06:20:25.210285,0.2708,0.31050667
2026-04-25 06:20:35.210285,0.2707,0.30950218
2026-04-25 06:20:45.210285,0.3154,0.309531
2026-04-25 06:20:55.210285,0.3268,0.30950403
2026-04-25 06:21:05.210285,0.3414,0.30570713
2026-04-25 06:21:15.210285,0.3548,0.30366775
2026-04-25 06:21:25.210285,0.3699,0.3071729
2026-04-25 06:21:35.210285,0.3633,0.3465317
2026-04-25 06:21:45.210285,0.373,0.3623574
2026-04-25 06:21:55.210285,0.3781,0.3753092
2026-04-25 06:22:05.210285,0.3858,0.38379982
2026-04-25 06:22:15.210285,0.3884,0.3940737
2026-04-25 06:22:25.210285,0.3938,0.38571095
2026-04-25 06:22:35.210285,0.4004,0.3918464
2026-04-25 06:22:45.210285,0.4058,0.39838704
2026-04-25 06:22:55.210285,0.4109,0.4024531
2026-04-25 06:23:05.210285,0.4182,0.40321794
2026-04-25 06:23:15.210285,0.4223,0.40644747
2026-04-25 06:23:25.210285,0.4309,0.41051388
2026-04-25 06:23:35.210285,0.4373,0.41346744
2026-04-25 06:23:45.210285,0.4443,0.4159359
2026-04-25 06:23:55.210285,0.451,0.4252168
2026-04-25 06:24:05.210285,0.4435,0.42510667
2026-04-25 06:24:15.210285,0.4354,0.43276402
2026-04-25 06:24:25.210285,0.4259,0.44077426
2026-04-25 06:24:35.210285,0.4205,0.4478795
2026-04-25 06:24:45.210285,0.4154,0.45078042
2026-04-25 06:24:55.210285,0.4091,0.4460923
2026-04-25 06:25:05.210285,0.403,0.4368984
2026-04-25 06:25:15.210285,0.3952,0.42824852
2026-04-25 06:25:25.210285,0.3933,0.42027935
2026-04-25 06:25:35.210285,0.3855,0.4188194
2026-04-25 06:25:45.210285,0.3805,0.41482463
2026-04-25 06:25:55.210285,0.3802,0.4102862
2026-04-25 06:26:05.210285,0.3786,0.3995179
2026-04-25 06:26:15.210285,0.3841,0.40174562
2026-04-25 06:26:25.210285,0.3867,0.3950496
2026-04-25 06:26:35.210285,0.3884,0.3918899
2026-04-25 06:26:45.210285,0.3868,0.39028808
2026-04-25 06:26:55.210285,0.3832,0.3912488
2026-04-25 06:27:05.210285,0.3831,0.39858773
2026-04-25 06:27:15.210285,0.3869,0.39793855
2026-04-25 06:27:25.210285,0.386,0.39727706
2026-04-25 06:27:35.210285,0.3789,0.3956351
2026-04-25 06:27:45.210285,0.3796,0.39024264
2026-04-25 06:27:55.210285,0.3738,0.3905968
2026-04-25 06:28:05.210285,0.3694,0.3944996
2026-04-25 06:28:15.210285,0.3763,0.39377287
2026-04-25 06:28:25.210285,0.3863,0.3879256
2026-04-25 06:28:35.210285,0.3887,0.38621643
2026-04-25 06:28:45.210285,0.402,0.3811175
2026-04-25 06:28:55.210285,0.4076,0.37608036
2026-04-25 06:29:05.210285,0.4011,0.38314927
2026-04-25 06:29:15.210285,0.3966,0.39594454
2026-04-25 06:29:25.210285,0.3925,0.39957917
2026-04-25 06:29:35.210285,0.3884,0.40853217
2026-04-25 06:29:45.210285,0.3791,0.4182618
2026-04-25 06:29:55.210285,0.3842,0.41178492
2026-04-25 06:30:05.210285,0.3875,0.40123823
2026-04-25 06:30:15.210285,0.3917,0.3947603
2026-04-25 06:30:25.210285,0.3944,0.38991
2026-04-25 06:30:35.210285,0.3971,0.3800551
2026-04-25 06:30:45.210285,0.3947,0.38227433
2026-04-25 06:30:55.210285,0.3969,0.3881903
2026-04-25 06:31:05.210285,0.4019,0.39285052
2026-04-25 06:31:15.210285,0.4012,0.39641306
2026-04-25 06:31:25.210285,0.3958,0.4009298
2026-04-25 06:31:35.210285,0.4085,0.40185198
2026-04-25 06:31:45.210285,0.4188,0.40187013
2026-04-25 06:31:55.210285,0.4258,0.40683874
2026-04-25 06:32:05.210285,0.4314,0.40434968
2026-04-25 06:32:15.210285,0.442,0.39852583
2026-04-25 06:32:25.210285,0.435,0.40765166
2026-04-25 06:32:35.210285,0.4275,0.41934505
2026-04-25 06:32:45.210285,0.417,0.42445123
2026-04-25 06:32:55.210285,0.4094,0.42964372
2026-04-25 06:33:05.210285,0.4034,0.43939784
2026-04-25 06:33:15.210285,0.4079,0.4339887
2026-04-25 06:33:25.210285,0.4116,0.42258564
2026-04-25 06:33:35.210285,0.4121,0.41128448
2026-04-25 06:33:45.210285,0.4136,0.4046134
2026-04-25 06:33:55.210285,0.4183,0.39905566
2026-04-25 06:34:05.210285,0.4111,0.4036607
2026-04-25 06:34:15.210285,0.4027,0.41352335
2026-04-25 06:34:25.210285,0.3967,0.41340718
2026-04-25 06:34:35.210285,0.389,0.4139903
2026-04-25 06:34:45.210285,0.3803,0.41965184
2026-04-25 06:34:55.210285,0.3844,0.4131393
2026-04-25 06:35:05.210285,0.3875,0.40561038
2026-04-25 06:35:15.210285,0.3948,0.40116304
2026-04-25 06:35:25.210285,0.4014,0.39341623
2026-04-25 06:35:35.210285,0.4017,0.3837041
2026-04-25 06:35:45.210285,0.4047,0.38891134
2026-04-25 06:35:55.210285,0.406,0.3963009
2026-04-25 06:36:05.210285,0.4035,0.40287444
2026-04-25 06:36:15.210285,0.4077,0.41018853
2026-04-25 06:36:25.210285,0.4136,0.41030532
2026-04-25 06:36:35.210285,0.4103,0.4111654
2026-04-25 06:36:45.210285,0.406,0.41210598
2026-04-25 06:36:55.210285,0.3993,0.41068769
2026-04-25 06:37:05.210285,0.3959,0.41461945
2026-04-25 06:37:15.210285,0.3902,0.417724
2026-04-25 06:37:25.210285,0.4052,0.41511598
2026-04-25 06:37:35.210285,0.4156,0.41002116
2026-04-25 06:37:45.210285,0.4247,0.4042993
2026-04-25 06:37:55.210285,0.4314,0.400313
2026-04-25 06:38:05.210285,0.4405,0.3943274
2026-04-25 06:38:15.210285,0.4313,0.40739316
2026-04-25 06:38:25.210285,0.4216,0.42040864
2026-04-25 06:38:35.210285,0.4139,0.4300636
2026-04-25 06:38:45.210285,0.4051,0.43509382
2026-04-25 06:38:55.210285,0.3989,0.4418889
2026-04-25 06:39:05.210285,0.407,0.43344152
2026-04-25 06:39:15.210285,0.4076,0.41964075
2026-04-25 06:39:25.210285,0.4043,0.41023594
2026-04-25 06:39:35.210285,0.4065,0.40442708
2026-04-25 06:39:45.210285,0.409,0.39963907
2026-04-25 06:39:55.210285,0.4075,0.40645835
2026-04-25 06:40:05.210285,0.4065,0.41123873
2026-04-25 06:40:15.210285,0.4026,0.4084753
2026-04-25 06:40:25.210285,0.3981,0.40905532
2026-04-25 06:40:35.210285,0.3928,0.4117837
2026-04-25 06:40:45.210285,0.3784,0.40876234
2026-04-25 06:40:55.210285,0.3653,0.40907633
2026-04-25 06:41:05.210285,0.3547,0.40542996
2026-04-25 06:41:15.210285,0.3423,0.4041057
2026-04-25 06:41:25.210285,0.3343,0.39703473
2026-04-25 06:41:35.210285,0.3245,0.3870234
2026-04-25 06:41:45.210285,0.317,0.37543687
2026-04-25 06:41:55.210285,0.307,0.36548072
2026-04-25 06:42:05.210285,0.2985,0.35059094
2026-04-25 06:42:15.210285,0.2917,0.3472789
2026-04-25 06:42:25.210285,0.2993,0.3408799
2026-04-25 06:42:35.210285,0.3092,0.3373424
2026-04-25 06:42:45.210285,0.3153,0.32652918
2026-04-25 06:42:55.210285,0.3225,0.32110325
2026-04-25 06:43:05.210285,0.3301,0.31590763
2026-04-25 06:43:15.210285,0.3318,0.3225502
2026-04-25 06:43:25.210285,0.335,0.3290542
2026-04-25 06:43:35.210285,0.3368,0.33780694
2026-04-25 06:43:45.210285,0.3401,0.34506443
2026-04-25 06:43:55.210285,0.3419,0.35154593
2026-04-25 06:44:05.210285,0.3364,0.35191646
2026-04-25 06:44:15.210285,0.33,0.3502604
2026-04-25 06:44:25.210285,0.3286,0.35265633
2026-04-25 06:44:35.210285,0.3233,0.35520512
2026-04-25 06:44:45.210285,0.2812,0.35032013
2026-04-25 06:44:55.210285,0.2744,0.346037
2026-04-25 06:45:05.210285,0.2676,0.34026366
2026-04-25 06:45:15.210285,0.2652,0.3372258
2026-04-25 06:45:25.210285,0.2551,0.33551913
2026-04-25 06:45:35.210285,0.2433,0.29877394
2026-04-25 06:45:45.210285,0.2601,0.290692
2026-04-25 06:45:55.210285,0.2772,0.28709096
2026-04-25 06:46:05.210285,0.288,0.2854574
2026-04-25 06:46:15.210285,0.3013,0.27904573
2026-04-25 06:46:25.210285,0.32,0.2710455
2026-04-25 06:46:35.210285,0.3236,0.28238946
2026-04-25 06:46:45.210285,0.3291,0.3018404
2026-04-25 06:46:55.210285,0.3359,0.31443328
2026-04-25 06:47:05.210285,0.336,0.33147043
2026-04-25 06:47:15.210285,0.3372,0.34960443
2026-04-25 06:47:25.210285,0.343,0.35302225
2026-04-25 06:47:35.210285,0.3453,0.35402322
2026-04-25 06:47:45.210285,0.3502,0.3586852
2026-04-25 06:47:55.210285,0.3518,0.35619265
2026-04-25 06:48:05.210285,0.3573,0.35437673
2026-04-25 06:48:15.210285,0.3625,0.35665435
2026-04-25 06:48:25.210285,0.369,0.3601814
2026-04-25 06:48:35.210285,0.3733,0.3649177
2026-04-25 06:48:45.210285,0.375,0.36398414
2026-04-25 06:48:55.210285,0.3806,0.369166
2026-04-25 06:49:05.210285,0.3924,0.3748179
2026-04-25 06:49:15.210285,0.4036,0.38038775
2026-04-25 06:49:25.210285,0.413,0.38311094
2026-04-25 06:49:35.210285,0.4272,0.3823335
2026-04-25 06:49:45.210285,0.4418,0.3877845
2026-04-25 06:49:55.210285,0.4478,0.3996704
2026-04-25 06:50:05.210285,0.4514,0.4038213
2026-04-25 06:50:15.210285,0.4536,0.41316214
2026-04-25 06:50:25.210285,0.4592,0.43123305
2026-04-25 06:50:35.210285,0.465,0.44551793
2026-04-25 06:50:45.210285,0.4568,0.4456358
2026-04-25 06:50:55.210285,0.4435,0.4499432
2026-04-25 06:51:05.210285,0.4421,0.4481683
2026-04-25 06:51:15.210285,0.437,0.4520924
2026-04-25 06:51:25.210285,0.4274,0.4546523
2026-04-25 06:51:35.210285,0.4206,0.44807765
2026-04-25 06:51:45.210285,0.4147,0.43591264
2026-04-25 06:51:55.210285,0.4073,0.4341763
2026-04-25 06:52:05.210285,0.4013,0.42828232
2026-04-25 06:52:15.210285,0.3963,0.41763014
2026-04-25 06:52:25.210285,0.3852,0.4145106
2026-04-25 06:52:35.210285,0.3752,0.41085204
2026-04-25 06:52:45.210285,0.3662,0.40445685
2026-04-25 06:52:55.210285,0.3612,0.40125266
2026-04-25 06:53:05.210285,0.354,0.39851508
2026-04-25 06:53:15.210285,0.3433,0.39053407
2026-04-25 06:53:25.210285,0.3328,0.37872374
2026-04-25 06:53:35.210285,0.325,0.37198496
2026-04-25 06:53:45.210285,0.3172,0.36795762
2026-04-25 06:53:55.210285,0.311,0.36112487
2026-04-25 06:54:05.210285,0.3036,0.35182363
2026-04-25 06:54:15.210285,0.2946,0.34513533
2026-04-25 06:54:25.210285,0.2847,0.335273
2026-04-25 06:54:35.210285,0.2752,0.3326267
2026-04-25 06:54:45.210285,0.2639,0.32785463
2026-04-25 06:54:55.210285,0.2684,0.32123223
2026-04-25 06:55:05.210285,0.2749,0.31576052
2026-04-25 06:55:15.210285,0.2779,0.30574706
2026-04-25 06:55:25.210285,0.2804,0.29690096
2026-04-25 06:55:35.210285,0.2812,0.28883937
2026-04-25 06:55:45.210285,0.2792,0.29304177
2026-04-25 06:55:55.210285,0.2729,0.30155134
2026-04-25 06:56:05.210285,0.265,0.30387047
2026-04-25 06:56:15.210285,0.2614,0.30710167
2026-04-25 06:56:25.210285,0.2593,0.30828378
2026-04-25 06:56:35.210285,0.2612,0.3031457
2026-04-25 06:56:45.210285,0.2599,0.29667738
2026-04-25 06:56:55.210285,0.2613,0.2900563
2026-04-25 06:57:05.210285,0.2612,0.28572586
2026-04-25 06:57:15.210285,0.2642,0.28493968
2026-04-25 06:57:25.210285,0.2705,0.28520554
2026-04-25 06:57:35.210285,0.2772,0.28548405
2026-04-25 06:57:45.210285,0.2848,0.28766894
2026-04-25 06:57:55.210285,0.2909,0.28613698
2026-04-25 06:58:05.210285,0.2954,0.2894123
2026-04-25 06:58:15.210285,0.3029,0.29696754
2026-04-25 06:58:25.210285,0.3107,0.3035285
2026-04-25 06:58:35.210285,0.3197,0.31334788
2026-04-25 06:58:45.210285,0.3282,0.31913096
2026-04-25 06:58:55.210285,0.3367,0.32116535
2026-04-25 06:59:05.210285,0.3286,0.32927638
2026-04-25 06:59:15.210285,0.3216,0.33518755
2026-04-25 06:59:25.210285,0.3145,0.34372428
2026-04-25 06:59:35.210285,0.3074,0.352826
2026-04-25 06:59:45.210285,0.3032,0.35920817
2026-04-25 06:59:55.210285,0.2865,0.35133043
2026-04-25 07:00:05.210285,0.2813,0.34322402
2026-04-25 07:00:15.210285,0.2747,0.33626246
2026-04-25 07:00:25.210285,0.2702,0.32865
2026-04-25 07:00:35.210285,0.2715,0.32533345
2026-04-25 07:00:45.210285,0.283,0.31083393
2026-04-25 07:00:55.210285,0.2922,0.30591244
2026-04-25 07:01:05.210285,0.3016,0.2993964
2026-04-25 07:01:15.210285,0.3148,0.29792738
2026-04-25 07:01:25.210285,0.3264,0.29897505
2026-04-25 07:01:35.210285,0.3411,0.3083062
2026-04-25 07:01:45.210285,0.35,0.31459647
2026-04-25 07:01:55.210285,0.3613,0.32478583
2026-04-25 07:02:05.210285,0.3747,0.3370368
2026-04-25 07:02:15.210285,0.3883,0.34983215
2026-04-25 07:02:25.210285,0.4036,0.36471337
2026-04-25 07:02:35.210285,0.4136,0.37555394
2026-04-25 07:02:45.210285,0.4213,0.38146523
2026-04-25 07:02:55.210285,0.433,0.39300856
2026-04-25 07:03:05.210285,0.4443,0.40330085
2026-04-25 07:03:15.210285,0.4509,0.41775638
2026-04-25 07:03:25.210285,0.4553,0.42397144
2026-04-25 07:03:35.210285,0.4592,0.42949373
2026-04-25 07:03:45.210285,0.4683,0.43840438
2026-04-25 07:03:55.210285,0.4714,0.44645107
2026-04-25 07:04:05.210285,0.4693,0.44830316
2026-04-25 07:04:15.210285,0.4646,0.45267582
2026-04-25 07:04:25.210285,0.4604,0.45322356
2026-04-25 07:04:35.210285,0.4559,0.45923892
2026-04-25 07:04:45.210285,0.4543,0.4571816
2026-04-25 07:04:55.210285,0.4485,0.4534352
2026-04-25 07:05:05.210285,0.4376,0.4514553
2026-04-25 07:05:15.210285,0.4319,0.44610834
2026-04-25 07:05:25.210285,0.4322,0.44215098
2026-04-25 07:05:35.210285,0.43,0.44234166
2026-04-25 07:05:45.210285,0.4269,0.44053966
2026-04-25 07:05:55.210285,0.4256,0.42977008
