timestamp,actual,forecasted
2026-04-25 00:42:59.936308,0.3299,0.2984115
2026-04-25 00:43:09.936308,0.3246,0.308515
2026-04-25 00:43:19.936308,0.3135,0.32279235
2026-04-25 00:43:29.936308,0.3062,0.33033273
2026-04-25 00:43:39.936308,0.2999,0.34172794
2026-04-25 00:43:49.936308,0.2966,0.33576187
2026-04-25 00:43:59.936308,0.2936,0.3274285
2026-04-25 00:44:09.936308,0.2894,0.31518084
2026-04-25 00:44:19.936308,0.2836,0.30825883
2026-04-25 00:44:29.936308,0.281,0.30359924
2026-04-25 00:44:39.936308,0.2836,0.29824644
2026-04-25 00:44:49.936308,0.2917,0.29462525
2026-04-25 00:44:59.936308,0.2981,0.29193896
2026-04-25 00:45:09.936308,0.299,0.28443056
2026-04-25 00:45:19.936308,0.3019,0.28370243
2026-04-25 00:45:29.936308,0.3003,0.28588706
2026-04-25 00:45:39.936308,0.2964,0.29481345
2026-04-25 00:45:49.936308,0.2884,0.3031584
2026-04-25 00:45:59.936308,0.2811,0.3053772
2026-04-25 00:46:09.936308,0.2803,0.30759186
2026-04-25 00:46:19.936308,0.2828,0.30503947
2026-04-25 00:46:29.936308,0.2835,0.30070382
2026-04-25 00:46:39.936308,0.287,0.29083693
2026-04-25 00:46:49.936308,0.2891,0.2819477
2026-04-25 00:46:59.936308,0.2912,0.28155267
2026-04-25 00:47:09.936308,0.3013,0.2886158
2026-04-25 00:47:19.936308,0.3089,0.2898536
2026-04-25 00:47:29.936308,0.3188,0.29254755
2026-04-25 00:47:39.936308,0.3273,0.29642552
2026-04-25 00:47:49.936308,0.3355,0.29779217
2026-04-25 00:47:59.936308,0.3361,0.30584377
2026-04-25 00:48:09.936308,0.3368,0.3125081
2026-04-25 00:48:19.936308,0.3339,0.32414246
2026-04-25 00:48:29.936308,0.3346,0.33459902
2026-04-25 00:48:39.936308,0.3346,0.34213823
2026-04-25 00:48:49.936308,0.3262,0.3411698
2026-04-25 00:48:59.936308,0.3169,0.3400173
2026-04-25 00:49:09.936308,0.3081,0.33572403
2026-04-25 00:49:19.936308,0.3041,0.33267835
2026-04-25 00:49:29.936308,0.2984,0.33070332
2026-04-25 00:49:39.936308,0.3035,0.32275483
2026-04-25 00:49:49.936308,0.3017,0.3125261
2026-04-25 00:49:59.936308,0.3028,0.30369967
2026-04-25 00:50:09.936308,0.3072,0.30117345
2026-04-25 00:50:19.936308,0.3134,0.2991345
2026-04-25 00:50:29.936308,0.4701,0.30544925
2026-04-25 00:50:39.936308,0.4672,0.3064556
2026-04-25 00:50:49.936308,0.4632,0.30528492
2026-04-25 00:50:59.936308,0.4639,0.31097007
2026-04-25 00:51:09.936308,0.4644,0.3195067
2026-04-25 00:51:19.936308,0.4543,0.46240962
2026-04-25 00:51:29.936308,0.4436,0.47377023
2026-04-25 00:51:39.936308,0.4305,0.46179664
2026-04-25 00:51:49.936308,0.4206,0.45551628
2026-04-25 00:51:59.936308,0.4132,0.44854504
2026-04-25 00:52:09.936308,0.4093,0.4433773
2026-04-25 00:52:19.936308,0.402,0.42967153
2026-04-25 00:52:29.936308,0.3938,0.41567123
2026-04-25 00:52:39.936308,0.3904,0.40864474
2026-04-25 00:52:49.936308,0.3839,0.39860922
2026-04-25 00:52:59.936308,0.3851,0.39440534
2026-04-25 00:53:09.936308,0.3837,0.38625407
2026-04-25 00:53:19.936308,0.3816,0.38190806
2026-04-25 00:53:29.936308,0.3757,0.38178432
2026-04-25 00:53:39.936308,0.3709,0.37537664
2026-04-25 00:53:49.936308,0.373,0.37533194
2026-04-25 00:53:59.936308,0.3728,0.37611005
2026-04-25 00:54:09.936308,0.373,0.37303823
2026-04-25 00:54:19.936308,0.3723,0.37004074
2026-04-25 00:54:29.936308,0.3758,0.36663803
2026-04-25 00:54:39.936308,0.3739,0.36731032
2026-04-25 00:54:49.936308,0.3732,0.36796597
2026-04-25 00:54:59.936308,0.3708,0.36861196
2026-04-25 00:55:09.936308,0.3686,0.3676007
2026-04-25 00:55:19.936308,0.3672,0.3748182
2026-04-25 00:55:29.936308,0.3667,0.37024
2026-04-25 00:55:39.936308,0.3692,0.36950743
2026-04-25 00:55:49.936308,0.3708,0.3670198
2026-04-25 00:55:59.936308,0.371,0.36701888
2026-04-25 00:56:09.936308,0.371,0.36518678
2026-04-25 00:56:19.936308,0.3736,0.3661334
2026-04-25 00:56:29.936308,0.3736,0.36778036
2026-04-25 00:56:39.936308,0.3753,0.3708518
2026-04-25 00:56:49.936308,0.38,0.3686458
2026-04-25 00:56:59.936308,0.382,0.36874166
2026-04-25 00:57:09.936308,0.3787,0.37095273
2026-04-25 00:57:19.936308,0.3763,0.3705051
2026-04-25 00:57:29.936308,0.3734,0.3718225
2026-04-25 00:57:39.936308,0.3741,0.37531513
2026-04-25 00:57:49.936308,0.3746,0.3760574
2026-04-25 00:57:59.936308,0.378,0.37305856
2026-04-25 00:58:09.936308,0.3848,0.3714657
2026-04-25 00:58:19.936308,0.388,0.37000227
2026-04-25 00:58:29.936308,0.392,0.37124714
2026-04-25 00:58:39.936308,0.3953,0.36965302
2026-04-25 00:58:49.936308,0.4026,0.37523413
2026-04-25 00:58:59.936308,0.4077,0.3806316
2026-04-25 00:59:09.936308,0.4168,0.38494214
2026-04-25 00:59:19.936308,0.4275,0.39100128
2026-04-25 00:59:29.936308,0.433,0.39116374
2026-04-25 00:59:39.936308,0.434,0.3973389
2026-04-25 00:59:49.936308,0.4385,0.4030097
2026-04-25 00:59:59.936308,0.4465,0.4085661
2026-04-25 01:00:09.936308,0.4537,0.41495642
2026-04-25 01:00:19.936308,0.4586,0.41802308
2026-04-25 01:00:29.936308,0.4614,0.4200834
2026-04-25 01:00:39.936308,0.464,0.42320463
2026-04-25 01:00:49.936308,0.4693,0.4284254
2026-04-25 01:00:59.936308,0.4712,0.43774882
2026-04-25 01:01:09.936308,0.4682,0.4418232
2026-04-25 01:01:19.936308,0.4703,0.44408897
2026-04-25 01:01:29.936308,0.4705,0.44639218
2026-04-25 01:01:39.936308,0.474,0.4507497
2026-04-25 01:01:49.936308,0.4728,0.45480838
2026-04-25 01:01:59.936308,0.4726,0.44948667
2026-04-25 01:02:09.936308,0.4647,0.4470402
2026-04-25 01:02:19.936308,0.4616,0.44604853
2026-04-25 01:02:29.936308,0.4565,0.44552884
2026-04-25 01:02:39.936308,0.4508,0.44476798
2026-04-25 01:02:49.936308,0.4451,0.44266367
2026-04-25 01:02:59.936308,0.4473,0.43764925
2026-04-25 01:03:09.936308,0.4542,0.4344106
2026-04-25 01:03:19.936308,0.4587,0.428666
2026-04-25 01:03:29.936308,0.4588,0.42572185
2026-04-25 01:03:39.936308,0.4621,0.42187414
2026-04-25 01:03:49.936308,0.4514,0.42607346
2026-04-25 01:03:59.936308,0.4443,0.43546653
2026-04-25 01:04:09.936308,0.4369,0.4404804
2026-04-25 01:04:19.936308,0.4303,0.44081813
2026-04-25 01:04:29.936308,0.4212,0.44467252
2026-04-25 01:04:39.936308,0.4228,0.433128
2026-04-25 01:04:49.936308,0.4265,0.42379007
2026-04-25 01:04:59.936308,0.4248,0.41678503
2026-04-25 01:05:09.936308,0.4278,0.40837935
2026-04-25 01:05:19.936308,0.4331,0.40285906
2026-04-25 01:05:29.936308,0.4307,0.40399754
2026-04-25 01:05:39.936308,0.4333,0.41021952
2026-04-25 01:05:49.936308,0.4339,0.40999493
2026-04-25 01:05:59.936308,0.4331,0.41426098
2026-04-25 01:06:09.936308,0.4347,0.4198051
2026-04-25 01:06:19.936308,0.4395,0.41921908
2026-04-25 01:06:29.936308,0.4401,0.42387316
2026-04-25 01:06:39.936308,0.4433,0.42397797
2026-04-25 01:06:49.936308,0.443,0.42587322
2026-04-25 01:06:59.936308,0.447,0.42624414
2026-04-25 01:07:09.936308,0.4454,0.4311663
2026-04-25 01:07:19.936308,0.4427,0.43152967
2026-04-25 01:07:29.936308,0.4422,0.4329412
2026-04-25 01:07:39.936308,0.4387,0.4334954
2026-04-25 01:07:49.936308,0.437,0.43668118
2026-04-25 01:07:59.936308,0.4256,0.43350068
2026-04-25 01:08:09.936308,0.4171,0.43046916
2026-04-25 01:08:19.936308,0.4054,0.43122068
2026-04-25 01:08:29.936308,0.3996,0.42913657
2026-04-25 01:08:39.936308,0.3948,0.42759484
2026-04-25 01:08:49.936308,0.3917,0.41580945
2026-04-25 01:08:59.936308,0.391,0.4052816
2026-04-25 01:09:09.936308,0.3885,0.3937907
2026-04-25 01:09:19.936308,0.3834,0.38961276
2026-04-25 01:09:29.936308,0.3834,0.38479203
2026-04-25 01:09:39.936308,0.3806,0.38209182
2026-04-25 01:09:49.936308,0.3792,0.3820732
2026-04-25 01:09:59.936308,0.3838,0.38030517
2026-04-25 01:10:09.936308,0.3885,0.37388495
2026-04-25 01:10:19.936308,0.3897,0.3770437
2026-04-25 01:10:29.936308,0.394,0.37628314
2026-04-25 01:10:39.936308,0.4054,0.3740471
2026-04-25 01:10:49.936308,0.4128,0.37910944
2026-04-25 01:10:59.936308,0.4201,0.38550037
2026-04-25 01:11:09.936308,0.4293,0.39008108
2026-04-25 01:11:19.936308,0.43,0.39434683
2026-04-25 01:11:29.936308,0.4318,0.40413824
2026-04-25 01:11:39.936308,0.4335,0.41252095
2026-04-25 01:11:49.936308,0.4331,0.41999856
2026-04-25 01:11:59.936308,0.4339,0.4283036
2026-04-25 01:12:09.936308,0.426,0.42666256
2026-04-25 01:12:19.936308,0.4179,0.42588672
2026-04-25 01:12:29.936308,0.4117,0.42429292
2026-04-25 01:12:39.936308,0.4053,0.42332363
2026-04-25 01:12:49.936308,0.3986,0.4253038
2026-04-25 01:12:59.936308,0.4009,0.4185842
2026-04-25 01:13:09.936308,0.4123,0.40784106
2026-04-25 01:13:19.936308,0.4177,0.40359318
2026-04-25 01:13:29.936308,0.4221,0.3981352
2026-04-25 01:13:39.936308,0.4316,0.39436913
2026-04-25 01:13:49.936308,0.4285,0.39736977
2026-04-25 01:13:59.936308,0.4235,0.4084778
2026-04-25 01:14:09.936308,0.422,0.4137874
2026-04-25 01:14:19.936308,0.4174,0.41737396
2026-04-25 01:14:29.936308,0.4158,0.4257406
2026-04-25 01:14:39.936308,0.4077,0.42361557
2026-04-25 01:14:49.936308,0.4013,0.41645586
2026-04-25 01:14:59.936308,0.3951,0.41295514
2026-04-25 01:15:09.936308,0.3908,0.40722725
2026-04-25 01:15:19.936308,0.3845,0.40420404
2026-04-25 01:15:29.936308,0.388,0.39893726
2026-04-25 01:15:39.936308,0.3918,0.39038908
2026-04-25 01:15:49.936308,0.3935,0.38518205
2026-04-25 01:15:59.936308,0.3971,0.38190866
2026-04-25 01:16:09.936308,0.3975,0.3783047
2026-04-25 01:16:19.936308,0.3902,0.38276607
2026-04-25 01:16:29.936308,0.3854,0.38855264
2026-04-25 01:16:39.936308,0.3776,0.39049992
2026-04-25 01:16:49.936308,0.3733,0.39201134
2026-04-25 01:16:59.936308,0.3702,0.38985437
2026-04-25 01:17:09.936308,0.3602,0.38501737
2026-04-25 01:17:19.936308,0.3488,0.38027534
2026-04-25 01:17:29.936308,0.3395,0.37387112
2026-04-25 01:17:39.936308,0.3275,0.36995667
2026-04-25 01:17:49.936308,0.3178,0.36616853
2026-04-25 01:17:59.936308,0.3138,0.35494083
2026-04-25 01:18:09.936308,0.305,0.34391344
2026-04-25 01:18:19.936308,0.303,0.33571237
2026-04-25 01:18:29.936308,0.297,0.32430238
2026-04-25 01:18:39.936308,0.2924,0.31548762
2026-04-25 01:18:49.936308,0.3038,0.31366187
2026-04-25 01:18:59.936308,0.3074,0.308463
2026-04-25 01:19:09.936308,0.3108,0.30805787
2026-04-25 01:19:19.936308,0.319,0.30154768
2026-04-25 01:19:29.936308,0.3275,0.2972343
2026-04-25 01:19:39.936308,0.3247,0.30836678
2026-04-25 01:19:49.936308,0.3258,0.31399402
2026-04-25 01:19:59.936308,0.3223,0.31556693
2026-04-25 01:20:09.936308,0.3159,0.32528248
2026-04-25 01:20:19.936308,0.3098,0.33367497
2026-04-25 01:20:29.936308,0.3016,0.3306078
2026-04-25 01:20:39.936308,0.2956,0.3274395
2026-04-25 01:20:49.936308,0.2896,0.32155046
2026-04-25 01:20:59.936308,0.2838,0.31896532
2026-04-25 01:21:09.936308,0.2772,0.3136015
2026-04-25 01:21:19.936308,0.2865,0.30215606
2026-04-25 01:21:29.936308,0.2947,0.2962991
2026-04-25 01:21:39.936308,0.3063,0.28990656
2026-04-25 01:21:49.936308,0.3172,0.2855335
2026-04-25 01:21:59.936308,0.331,0.27787754
2026-04-25 01:22:09.936308,0.3337,0.28627828
2026-04-25 01:22:19.936308,0.3396,0.2966507
2026-04-25 01:22:29.936308,0.3401,0.31046832
2026-04-25 01:22:39.936308,0.3427,0.31994462
2026-04-25 01:22:49.936308,0.3428,0.33293337
2026-04-25 01:22:59.936308,0.3459,0.33684543
2026-04-25 01:23:09.936308,0.3497,0.3410244
2026-04-25 01:23:19.936308,0.3553,0.33949977
2026-04-25 01:23:29.936308,0.3594,0.33990294
2026-04-25 01:23:39.936308,0.3591,0.340828
2026-04-25 01:23:49.936308,0.3659,0.34271395
2026-04-25 01:23:59.936308,0.3725,0.3467217
2026-04-25 01:24:09.936308,0.3762,0.35264122
2026-04-25 01:24:19.936308,0.3786,0.35918373
2026-04-25 01:24:29.936308,0.3831,0.35851893
2026-04-25 01:24:39.936308,0.3741,0.361251
2026-04-25 01:24:49.936308,0.3661,0.36737937
2026-04-25 01:24:59.936308,0.3577,0.370575
2026-04-25 01:25:09.936308,0.3503,0.37320688
2026-04-25 01:25:19.936308,0.3434,0.3761447
2026-04-25 01:25:29.936308,0.3364,0.36809728
2026-04-25 01:25:39.936308,0.3312,0.3581576
2026-04-25 01:25:49.936308,0.327,0.34676072
2026-04-25 01:25:59.936308,0.3191,0.33810297
2026-04-25 01:26:09.936308,0.3123,0.33518705
2026-04-25 01:26:19.936308,0.3197,0.3287387
2026-04-25 01:26:29.936308,0.3317,0.3232864
2026-04-25 01:26:39.936308,0.3425,0.32180664
2026-04-25 01:26:49.936308,0.353,0.31471115
2026-04-25 01:26:59.936308,0.3606,0.3100551
2026-04-25 01:27:09.936308,0.3684,0.31847024
2026-04-25 01:27:19.936308,0.3729,0.33076024
2026-04-25 01:27:29.936308,0.379,0.34558427
2026-04-25 01:27:39.936308,0.3858,0.35669124
2026-04-25 01:27:49.936308,0.3933,0.36297378
2026-04-25 01:27:59.936308,0.3871,0.37055284
2026-04-25 01:28:09.936308,0.3803,0.37602714
2026-04-25 01:28:19.936308,0.3719,0.38266927
2026-04-25 01:28:29.936308,0.3597,0.39070675
2026-04-25 01:28:39.936308,0.3543,0.3969686
2026-04-25 01:28:49.936308,0.3569,0.39149594
2026-04-25 01:28:59.936308,0.3603,0.383188
2026-04-25 01:29:09.936308,0.3616,0.37416783
2026-04-25 01:29:19.936308,0.3648,0.3604205
2026-04-25 01:29:29.936308,0.3637,0.35349727
2026-04-25 01:29:39.936308,0.3579,0.35434914
2026-04-25 01:29:49.936308,0.3491,0.3591658
2026-04-25 01:29:59.936308,0.3469,0.36009157
2026-04-25 01:30:09.936308,0.3477,0.36229295
2026-04-25 01:30:19.936308,0.3428,0.36143038
2026-04-25 01:30:29.936308,0.341,0.35575294
2026-04-25 01:30:39.936308,0.341,0.34897184
2026-04-25 01:30:49.936308,0.3409,0.3438838
2026-04-25 01:30:59.936308,0.341,0.34666014
2026-04-25 01:31:09.936308,0.3446,0.34465733
2026-04-25 01:31:19.936308,0.3467,0.34072557
2026-04-25 01:31:29.936308,0.3485,0.3395997
2026-04-25 01:31:39.936308,0.3503,0.3396777
2026-04-25 01:31:49.936308,0.3512,0.33935374
2026-04-25 01:31:59.936308,0.3518,0.3409993
2026-04-25 01:32:09.936308,0.3589,0.34260592
2026-04-25 01:32:19.936308,0.3647,0.34660745
2026-04-25 01:32:29.936308,0.373,0.3476553
2026-04-25 01:32:39.936308,0.3757,0.34720472
2026-04-25 01:32:49.936308,0.3794,0.34934705
2026-04-25 01:32:59.936308,0.3864,0.35738906
2026-04-25 01:33:09.936308,0.3926,0.36305955
2026-04-25 01:33:19.936308,0.3952,0.37036398
2026-04-25 01:33:29.936308,0.3956,0.37539595
2026-04-25 01:33:39.936308,0.4001,0.38078675
2026-04-25 01:33:49.936308,0.3924,0.38627055
2026-04-25 01:33:59.936308,0.3881,0.39191678
2026-04-25 01:34:09.936308,0.3824,0.3940847
2026-04-25 01:34:19.936308,0.3766,0.39247677
2026-04-25 01:34:29.936308,0.3727,0.39654034
2026-04-25 01:34:39.936308,0.3765,0.3886785
2026-04-25 01:34:49.936308,0.3754,0.38163638
2026-04-25 01:34:59.936308,0.3838,0.37703428
2026-04-25 01:35:09.936308,0.3892,0.3694169
2026-04-25 01:35:19.936308,0.3951,0.36747938
2026-04-25 01:35:29.936308,0.3839,0.3690823
2026-04-25 01:35:39.936308,0.3739,0.3711929
2026-04-25 01:35:49.936308,0.3638,0.37979728
2026-04-25 01:35:59.936308,0.3548,0.38415387
2026-04-25 01:36:09.936308,0.3461,0.3900671
2026-04-25 01:36:19.936308,0.3467,0.38184473
2026-04-25 01:36:29.936308,0.3459,0.37166628
2026-04-25 01:36:39.936308,0.343,0.35979852
2026-04-25 01:36:49.936308,0.3399,0.35273632
2026-04-25 01:36:59.936308,0.3358,0.34476984
2026-04-25 01:37:09.936308,0.3315,0.3466514
2026-04-25 01:37:19.936308,0.3294,0.34675872
2026-04-25 01:37:29.936308,0.3241,0.34359223
2026-04-25 01:37:39.936308,0.3169,0.33795664
2026-04-25 01:37:49.936308,0.3124,0.33528453
2026-04-25 01:37:59.936308,0.3071,0.33251408
2026-04-25 01:38:09.936308,0.3065,0.33215082
2026-04-25 01:38:19.936308,0.2988,0.32894006
2026-04-25 01:38:29.936308,0.2946,0.32202157
2026-04-25 01:38:39.936308,0.2913,0.3176554
2026-04-25 01:38:49.936308,0.299,0.3104179
2026-04-25 01:38:59.936308,0.3052,0.30828756
2026-04-25 01:39:09.936308,0.3104,0.3031765
2026-04-25 01:39:19.936308,0.3212,0.29953915
2026-04-25 01:39:29.936308,0.3321,0.29765052
2026-04-25 01:39:39.936308,0.3305,0.30664045
2026-04-25 01:39:49.936308,0.3279,0.31424963
2026-04-25 01:39:59.936308,0.3239,0.32001278
2026-04-25 01:40:09.936308,0.3208,0.329973
2026-04-25 01:40:19.936308,0.3183,0.34163535
2026-04-25 01:40:29.936308,0.3113,0.33942485
2026-04-25 01:40:39.936308,0.3108,0.33486968
2026-04-25 01:40:49.936308,0.3037,0.32949615
2026-04-25 01:40:59.936308,0.2993,0.32504314
2026-04-25 01:41:09.936308,0.2989,0.32443386
2026-04-25 01:41:19.936308,0.2996,0.31744215
2026-04-25 01:41:29.936308,0.3019,0.3139823
2026-04-25 01:41:39.936308,0.3024,0.30795693
2026-04-25 01:41:49.936308,0.3036,0.30286738
2026-04-25 01:41:59.936308,0.3075,0.30135754
2026-04-25 01:42:09.936308,0.3116,0.30372396
2026-04-25 01:42:19.936308,0.3197,0.30767047
2026-04-25 01:42:29.936308,0.3223,0.30794632
2026-04-25 01:42:39.936308,0.3239,0.30963016
2026-04-25 01:42:49.936308,0.3286,0.31535095
2026-04-25 01:42:59.936308,0.3331,0.32173908
2026-04-25 01:43:09.936308,0.3407,0.32914284
2026-04-25 01:43:19.936308,0.3469,0.33208027
2026-04-25 01:43:29.936308,0.3561,0.33324555
2026-04-25 01:43:39.936308,0.3635,0.3388688
2026-04-25 01:43:49.936308,0.3651,0.34261397
2026-04-25 01:43:59.936308,0.3684,0.35015327
2026-04-25 01:44:09.936308,0.3727,0.35395157
2026-04-25 01:44:19.936308,0.3748,0.3611164
2026-04-25 01:44:29.936308,0.3754,0.37137514
2026-04-25 01:44:39.936308,0.3817,0.37226385
2026-04-25 01:44:49.936308,0.3927,0.3721235
2026-04-25 01:44:59.936308,0.4013,0.37312138
2026-04-25 01:45:09.936308,0.4086,0.37458774
2026-04-25 01:45:19.936308,0.417,0.3734361
2026-04-25 01:45:29.936308,0.4206,0.37953714
2026-04-25 01:45:39.936308,0.4194,0.39114806
2026-04-25 01:45:49.936308,0.4203,0.3981141
2026-04-25 01:45:59.936308,0.4174,0.4021769
2026-04-25 01:46:09.936308,0.4168,0.4077745
2026-04-25 01:46:19.936308,0.417,0.41160145
2026-04-25 01:46:29.936308,0.4192,0.40806475
2026-04-25 01:46:39.936308,0.4212,0.40714154
2026-04-25 01:46:49.936308,0.4271,0.40336838
2026-04-25 01:46:59.936308,0.4298,0.4017567
2026-04-25 01:47:09.936308,0.4218,0.40238097
2026-04-25 01:47:19.936308,0.4111,0.40528202
2026-04-25 01:47:29.936308,0.4016,0.4064644
2026-04-25 01:47:39.936308,0.3942,0.41301513
2026-04-25 01:47:49.936308,0.3844,0.41557917
2026-04-25 01:47:59.936308,0.3919,0.40744776
2026-04-25 01:48:09.936308,0.3972,0.39684963
2026-04-25 01:48:19.936308,0.4061,0.390156
2026-04-25 01:48:29.936308,0.4089,0.38347346
2026-04-25 01:48:39.936308,0.4148,0.37334085
2026-04-25 01:48:49.936308,0.4206,0.38180304
2026-04-25 01:48:59.936308,0.4273,0.3884241
2026-04-25 01:49:09.936308,0.4306,0.39731207
2026-04-25 01:49:19.936308,0.4315,0.4002081
2026-04-25 01:49:29.936308,0.4372,0.40465644
2026-04-25 01:49:39.936308,0.4273,0.40974608
2026-04-25 01:49:49.936308,0.4172,0.415344
2026-04-25 01:49:59.936308,0.4093,0.41606554
2026-04-25 01:50:09.936308,0.3962,0.41773528
2026-04-25 01:50:19.936308,0.3824,0.4227525
2026-04-25 01:50:29.936308,0.3895,0.4148315
2026-04-25 01:50:39.936308,0.3904,0.4034656
2026-04-25 01:50:49.936308,0.3908,0.39513403
2026-04-25 01:50:59.936308,0.3969,0.38564655
2026-04-25 01:51:09.936308,0.3965,0.37312078
2026-04-25 01:51:19.936308,0.4004,0.37793788
2026-04-25 01:51:29.936308,0.4052,0.380365
2026-04-25 01:51:39.936308,0.4124,0.38225886
2026-04-25 01:51:49.936308,0.418,0.3877995
2026-04-25 01:51:59.936308,0.4242,0.38782433
2026-04-25 01:52:09.936308,0.4213,0.392244
2026-04-25 01:52:19.936308,0.4137,0.39821953
2026-04-25 01:52:29.936308,0.4141,0.40664142
2026-04-25 01:52:39.936308,0.4138,0.41178465
2026-04-25 01:52:49.936308,0.4084,0.4189662
2026-04-25 01:52:59.936308,0.4011,0.41744837
2026-04-25 01:53:09.936308,0.3941,0.40914366
2026-04-25 01:53:19.936308,0.39,0.4078175
2026-04-25 01:53:29.936308,0.3854,0.4077395
2026-04-25 01:53:39.936308,0.3777,0.40303323
2026-04-25 01:53:49.936308,0.3713,0.39448965
2026-04-25 01:53:59.936308,0.3694,0.3860902
2026-04-25 01:54:09.936308,0.3622,0.38082325
2026-04-25 01:54:19.936308,0.3598,0.37833214
2026-04-25 01:54:29.936308,0.355,0.3713719
2026-04-25 01:54:39.936308,0.3614,0.36518553
2026-04-25 01:54:49.936308,0.3652,0.36404717
2026-04-25 01:54:59.936308,0.3703,0.35775593
2026-04-25 01:55:09.936308,0.371,0.3556794
2026-04-25 01:55:19.936308,0.375,0.35046592
2026-04-25 01:55:29.936308,0.3668,0.35797137
2026-04-25 01:55:39.936308,0.3553,0.3631954
2026-04-25 01:55:49.936308,0.3461,0.36673507
2026-04-25 01:55:59.936308,0.3356,0.36623654
2026-04-25 01:56:09.936308,0.3258,0.3715431
2026-04-25 01:56:19.936308,0.3225,0.36459246
2026-04-25 01:56:29.936308,0.3197,0.3521684
2026-04-25 01:56:39.936308,0.3246,0.34361157
2026-04-25 01:56:49.936308,0.3262,0.3342217
2026-04-25 01:56:59.936308,0.3272,0.3269615
2026-04-25 01:57:09.936308,0.3304,0.32458416
2026-04-25 01:57:19.936308,0.3307,0.32183248
2026-04-25 01:57:29.936308,0.3316,0.32786587
2026-04-25 01:57:39.936308,0.3319,0.32971442
2026-04-25 01:57:49.936308,0.3356,0.3290382
2026-04-25 01:57:59.936308,0.3424,0.33143234
2026-04-25 01:58:09.936308,0.3513,0.33241293
2026-04-25 01:58:19.936308,0.3563,0.33587685
2026-04-25 01:58:29.936308,0.3645,0.33777803
2026-04-25 01:58:39.936308,0.3719,0.34280413
2026-04-25 01:58:49.936308,0.3664,0.34876934
2026-04-25 01:58:59.936308,0.3618,0.35760835
2026-04-25 01:59:09.936308,0.3578,0.36161247
2026-04-25 01:59:19.936308,0.3517,0.36564848
2026-04-25 01:59:29.936308,0.3477,0.37215027
2026-04-25 01:59:39.936308,0.346,0.36534995
2026-04-25 01:59:49.936308,0.3424,0.3599409
2026-04-25 01:59:59.936308,0.3418,0.3557652
2026-04-25 02:00:09.936308,0.3416,0.35058975
2026-04-25 02:00:19.936308,0.3333,0.3476378
2026-04-25 02:00:29.936308,0.3223,0.34544298
2026-04-25 02:00:39.936308,0.3144,0.34332493
2026-04-25 02:00:49.936308,0.3078,0.34091884
2026-04-25 02:00:59.936308,0.3012,0.34159538
2026-04-25 02:01:09.936308,0.2899,0.33471715
2026-04-25 02:01:19.936308,0.2986,0.32351792
2026-04-25 02:01:29.936308,0.31,0.31691092
2026-04-25 02:01:39.936308,0.3183,0.3116619
2026-04-25 02:01:49.936308,0.3308,0.30520663
2026-04-25 02:01:59.936308,0.3409,0.29537278
2026-04-25 02:02:09.936308,0.3314,0.30310965
2026-04-25 02:02:19.936308,0.3273,0.31548247
2026-04-25 02:02:29.936308,0.3168,0.32426268
2026-04-25 02:02:39.936308,0.3073,0.3348135
2026-04-25 02:02:49.936308,0.3004,0.34326026
2026-04-25 02:02:59.936308,0.3087,0.33555594
2026-04-25 02:03:09.936308,0.3132,0.33024773
2026-04-25 02:03:19.936308,0.3235,0.31750366
2026-04-25 02:03:29.936308,0.3318,0.3089396
2026-04-25 02:03:39.936308,0.3398,0.304968
2026-04-25 02:03:49.936308,0.3324,0.3122278
2026-04-25 02:03:59.936308,0.3254,0.31728426
2026-04-25 02:04:09.936308,0.319,0.32640138
2026-04-25 02:04:19.936308,0.3134,0.33367446
2026-04-25 02:04:29.936308,0.3078,0.34123725
2026-04-25 02:04:39.936308,0.3028,0.33407858
2026-04-25 02:04:49.936308,0.2938,0.32631218
2026-04-25 02:04:59.936308,0.2892,0.32084203
2026-04-25 02:05:09.936308,0.2841,0.31441894
2026-04-25 02:05:19.936308,0.2743,0.3102836
2026-04-25 02:05:29.936308,0.2739,0.3045712
2026-04-25 02:05:39.936308,0.2749,0.29776162
2026-04-25 02:05:49.936308,0.2753,0.29371956
2026-04-25 02:05:59.936308,0.2787,0.28845137
2026-04-25 02:06:09.936308,0.2814,0.27977067
2026-04-25 02:06:19.936308,0.2906,0.28042006
2026-04-25 02:06:29.936308,0.2976,0.28271788
2026-04-25 02:06:39.936308,0.3067,0.2837702
2026-04-25 02:06:49.936308,0.3195,0.2893866
2026-04-25 02:06:59.936308,0.3246,0.2927425
2026-04-25 02:07:09.936308,0.3294,0.3019214
2026-04-25 02:07:19.936308,0.3347,0.3081357
2026-04-25 02:07:29.936308,0.3355,0.31653285
2026-04-25 02:07:39.936308,0.3391,0.3266492
2026-04-25 02:07:49.936308,0.3435,0.3321243
2026-04-25 02:07:59.936308,0.3305,0.335821
2026-04-25 02:08:09.936308,0.322,0.33944553
2026-04-25 02:08:19.936308,0.3113,0.33957803
2026-04-25 02:08:29.936308,0.3014,0.3421924
2026-04-25 02:08:39.936308,0.2923,0.34587556
2026-04-25 02:08:49.936308,0.3025,0.33306098
2026-04-25 02:08:59.936308,0.3127,0.32280672
2026-04-25 02:09:09.936308,0.3234,0.31269497
2026-04-25 02:09:19.936308,0.3329,0.3021045
2026-04-25 02:09:29.936308,0.3446,0.295133
2026-04-25 02:09:39.936308,0.349,0.30520287
2026-04-25 02:09:49.936308,0.3561,0.31703183
2026-04-25 02:09:59.936308,0.3627,0.32805324
2026-04-25 02:10:09.936308,0.3708,0.33728203
2026-04-25 02:10:19.936308,0.3759,0.3485334
2026-04-25 02:10:29.936308,0.3824,0.35247597
2026-04-25 02:10:39.936308,0.3867,0.3595165
2026-04-25 02:10:49.936308,0.3965,0.36542663
2026-04-25 02:10:59.936308,0.4042,0.37078872
2026-04-25 02:11:09.936308,0.4118,0.37682432
2026-04-25 02:11:19.936308,0.411,0.38034984
2026-04-25 02:11:29.936308,0.4105,0.38224903
2026-04-25 02:11:39.936308,0.4116,0.39038113
2026-04-25 02:11:49.936308,0.4102,0.39755598
2026-04-25 02:11:59.936308,0.408,0.40346947
2026-04-25 02:12:09.936308,0.4064,0.40402722
2026-04-25 02:12:19.936308,0.4089,0.40302047
2026-04-25 02:12:29.936308,0.4052,0.4040083
2026-04-25 02:12:39.936308,0.4076,0.40344888
2026-04-25 02:12:49.936308,0.4063,0.4015409
2026-04-25 02:12:59.936308,0.4118,0.40011552
2026-04-25 02:13:09.936308,0.4186,0.40132973
2026-04-25 02:13:19.936308,0.4218,0.399396
2026-04-25 02:13:29.936308,0.4295,0.4015161
2026-04-25 02:13:39.936308,0.433,0.40162006
2026-04-25 02:13:49.936308,0.4393,0.4064831
2026-04-25 02:13:59.936308,0.4442,0.41283163
2026-04-25 02:14:09.936308,0.4511,0.415116
2026-04-25 02:14:19.936308,0.4555,0.42106706
2026-04-25 02:14:29.936308,0.4589,0.42675447
2026-04-25 02:14:39.936308,0.4518,0.43300423
2026-04-25 02:14:49.936308,0.4502,0.43596727
2026-04-25 02:14:59.936308,0.4448,0.43937057
2026-04-25 02:15:09.936308,0.4385,0.44246033
2026-04-25 02:15:19.936308,0.4361,0.44449955
2026-04-25 02:15:29.936308,0.4455,0.4363947
2026-04-25 02:15:39.936308,0.4559,0.43409276
2026-04-25 02:15:49.936308,0.4612,0.42816383
2026-04-25 02:15:59.936308,0.4692,0.42238438
2026-04-25 02:16:09.936308,0.4751,0.41920596
2026-04-25 02:16:19.936308,0.4711,0.42745352
2026-04-25 02:16:29.936308,0.4672,0.43797618
2026-04-25 02:16:39.936308,0.4659,0.44281167
2026-04-25 02:16:49.936308,0.4612,0.44938105
2026-04-25 02:16:59.936308,0.4611,0.4550822
2026-04-25 02:17:09.936308,0.4481,0.45237502
2026-04-25 02:17:19.936308,0.4379,0.4499607
2026-04-25 02:17:29.936308,0.429,0.44654396
2026-04-25 02:17:39.936308,0.4226,0.4437212
2026-04-25 02:17:49.936308,0.4135,0.44474646
2026-04-25 02:17:59.936308,0.4072,0.43258268
2026-04-25 02:18:09.936308,0.4059,0.42196748
2026-04-25 02:18:19.936308,0.4015,0.41693276
2026-04-25 02:18:29.936308,0.3983,0.41124058
2026-04-25 02:18:39.936308,0.3913,0.40513554
2026-04-25 02:18:49.936308,0.3865,0.40014488
2026-04-25 02:18:59.936308,0.381,0.39959672
2026-04-25 02:19:09.936308,0.3781,0.39585444
2026-04-25 02:19:19.936308,0.3821,0.39198977
2026-04-25 02:19:29.936308,0.3779,0.3851529
2026-04-25 02:19:39.936308,0.3818,0.38085833
2026-04-25 02:19:49.936308,0.3901,0.37563905
2026-04-25 02:19:59.936308,0.3955,0.37339628
2026-04-25 02:20:09.936308,0.402,0.37741688
2026-04-25 02:20:19.936308,0.4058,0.37407994
2026-04-25 02:20:29.936308,0.4004,0.37787583
2026-04-25 02:20:39.936308,0.3907,0.38638905
2026-04-25 02:20:49.936308,0.3786,0.3923382
2026-04-25 02:20:59.936308,0.3707,0.39971352
2026-04-25 02:21:09.936308,0.3598,0.4028498
2026-04-25 02:21:19.936308,0.3603,0.39850622
2026-04-25 02:21:29.936308,0.3616,0.38882706
2026-04-25 02:21:39.936308,0.3642,0.37654936
2026-04-25 02:21:49.936308,0.364,0.36792564
2026-04-25 02:21:59.936308,0.3671,0.3563288
2026-04-25 02:22:09.936308,0.364,0.35579854
2026-04-25 02:22:19.936308,0.3607,0.35786033
2026-04-25 02:22:29.936308,0.3592,0.36050835
2026-04-25 02:22:39.936308,0.3563,0.36101264
2026-04-25 02:22:49.936308,0.3497,0.36375853
2026-04-25 02:22:59.936308,0.3586,0.36105978
2026-04-25 02:23:09.936308,0.3627,0.3576694
2026-04-25 02:23:19.936308,0.3663,0.35613567
2026-04-25 02:23:29.936308,0.3672,0.35360008
2026-04-25 02:23:39.936308,0.3754,0.3476598
2026-04-25 02:23:49.936308,0.3693,0.35554367
2026-04-25 02:23:59.936308,0.3627,0.36049962
2026-04-25 02:24:09.936308,0.3527,0.3650198
2026-04-25 02:24:19.936308,0.3468,0.3663153
2026-04-25 02:24:29.936308,0.3414,0.37367633
2026-04-25 02:24:39.936308,0.3391,0.367781
2026-04-25 02:24:49.936308,0.3372,0.3608692
2026-04-25 02:24:59.936308,0.3356,0.3516466
2026-04-25 02:25:09.936308,0.3383,0.34594268
2026-04-25 02:25:19.936308,0.3391,0.34195024
2026-04-25 02:25:29.936308,0.3476,0.33938795
2026-04-25 02:25:39.936308,0.3588,0.33698922
2026-04-25 02:25:49.936308,0.3668,0.33580843
2026-04-25 02:25:59.936308,0.3796,0.3373963
2026-04-25 02:26:09.936308,0.3875,0.33824185
2026-04-25 02:26:19.936308,0.3958,0.34605217
2026-04-25 02:26:29.936308,0.4041,0.35829517
2026-04-25 02:26:39.936308,0.4137,0.36763015
2026-04-25 02:26:49.936308,0.4216,0.37945354
2026-04-25 02:26:59.936308,0.4229,0.38631466
2026-04-25 02:27:09.936308,0.4229,0.39272934
2026-04-25 02:27:19.936308,0.4235,0.3991484
2026-04-25 02:27:29.936308,0.4234,0.40581593
2026-04-25 02:27:39.936308,0.421,0.4131091
2026-04-25 02:27:49.936308,0.4183,0.41431803
2026-04-25 02:27:59.936308,0.4108,0.4137723
2026-04-25 02:28:09.936308,0.4062,0.4136017
2026-04-25 02:28:19.936308,0.4036,0.41276908
2026-04-25 02:28:29.936308,0.4001,0.41142786
2026-04-25 02:28:39.936308,0.3942,0.40909708
2026-04-25 02:28:49.936308,0.3937,0.40210286
2026-04-25 02:28:59.936308,0.3953,0.39744857
2026-04-25 02:29:09.936308,0.3947,0.39500785
2026-04-25 02:29:19.936308,0.3962,0.3914345
2026-04-25 02:29:29.936308,0.4005,0.38642743
2026-04-25 02:29:39.936308,0.3963,0.38671473
2026-04-25 02:29:49.936308,0.3907,0.38935128
2026-04-25 02:29:59.936308,0.6852,0.38841933
2026-04-25 02:30:09.936308,0.6738,0.38989034
2026-04-25 02:30:19.936308,0.6586,0.3938895
2026-04-25 02:30:29.936308,0.6549,0.3922513
2026-04-25 02:30:39.936308,0.6498,0.38735005
2026-04-25 02:30:49.936308,0.645,0.6078845
2026-04-25 02:30:59.936308,0.6415,0.6205505
2026-04-25 02:31:09.936308,0.6375,0.6087534
2026-04-25 02:31:19.936308,0.6403,0.5942954
2026-04-25 02:31:29.936308,0.6415,0.5875798
2026-04-25 02:31:39.936308,0.7381,0.5916838
2026-04-25 02:31:49.936308,0.7402,0.5815331
2026-04-25 02:31:59.936308,0.7375,0.57510966
2026-04-25 02:32:09.936308,0.7177,0.5856653
2026-04-25 02:32:19.936308,0.6982,0.58890253
2026-04-25 02:32:29.936308,0.6841,0.6634706
2026-04-25 02:32:39.936308,0.6657,0.67315435
2026-04-25 02:32:49.936308,0.6499,0.6726056
2026-04-25 02:32:59.936308,0.5887,0.6608045
2026-04-25 02:33:09.936308,0.5818,0.6310184
2026-04-25 02:33:19.936308,0.5738,0.6196089
2026-04-25 02:33:29.936308,0.5726,0.6084696
2026-04-25 02:33:39.936308,0.5645,0.5955914
2026-04-25 02:33:49.936308,0.5636,0.5530889
2026-04-25 02:33:59.936308,0.5624,0.54969406
2026-04-25 02:34:09.936308,0.5616,0.5431554
2026-04-25 02:34:19.936308,0.5646,0.54301
2026-04-25 02:34:29.936308,0.5646,0.53706086
2026-04-25 02:34:39.936308,0.5498,0.5322381
2026-04-25 02:34:49.936308,0.5331,0.5319197
2026-04-25 02:34:59.936308,0.5207,0.5291393
2026-04-25 02:35:09.936308,0.5091,0.53224957
2026-04-25 02:35:19.936308,0.5018,0.537112
2026-04-25 02:35:29.936308,0.5063,0.5314669
2026-04-25 02:35:39.936308,0.5092,0.51596177
2026-04-25 02:35:49.936308,0.5095,0.5025501
2026-04-25 02:35:59.936308,0.5094,0.49052978
2026-04-25 02:36:09.936308,0.51,0.48719642
2026-04-25 02:36:19.936308,0.5083,0.4910578
2026-04-25 02:36:29.936308,0.5011,0.4951855
2026-04-25 02:36:39.936308,0.4938,0.49525604
2026-04-25 02:36:49.936308,0.4881,0.49514917
2026-04-25 02:36:59.936308,0.4855,0.4950882
2026-04-25 02:37:09.936308,0.4749,0.4944736
2026-04-25 02:37:19.936308,0.4614,0.48825428
2026-04-25 02:37:29.936308,0.4506,0.48180914
2026-04-25 02:37:39.936308,0.4386,0.47598973
2026-04-25 02:37:49.936308,0.4253,0.47383863
2026-04-25 02:37:59.936308,0.4166,0.46400014
2026-04-25 02:38:09.936308,0.4063,0.45287573
2026-04-25 02:38:19.936308,0.3979,0.44263747
2026-04-25 02:38:29.936308,0.3894,0.4314323
2026-04-25 02:38:39.936308,0.3784,0.41837102
2026-04-25 02:38:49.936308,0.3719,0.4108353
2026-04-25 02:38:59.936308,0.3648,0.40005812
2026-04-25 02:39:09.936308,0.3596,0.39191398
2026-04-25 02:39:19.936308,0.3493,0.3854919
2026-04-25 02:39:29.936308,0.3441,0.37701115
2026-04-25 02:39:39.936308,0.3396,0.3703724
2026-04-25 02:39:49.936308,0.3378,0.3641458
2026-04-25 02:39:59.936308,0.3332,0.36038202
2026-04-25 02:40:09.936308,0.3315,0.34981254
2026-04-25 02:40:19.936308,0.3276,0.34458524
2026-04-25 02:40:29.936308,0.3288,0.34118858
2026-04-25 02:40:39.936308,0.3297,0.3384744
2026-04-25 02:40:49.936308,0.3298,0.3341996
2026-04-25 02:40:59.936308,0.3328,0.33229858
2026-04-25 02:41:09.936308,0.3332,0.3295235
2026-04-25 02:41:19.936308,0.3448,0.33014533
2026-04-25 02:41:29.936308,0.3543,0.3319277
2026-04-25 02:41:39.936308,0.366,0.33246183
2026-04-25 02:41:49.936308,0.3771,0.33555877
2026-04-25 02:41:59.936308,0.3853,0.33681414
2026-04-25 02:42:09.936308,0.3841,0.34747484
2026-04-25 02:42:19.936308,0.3835,0.357854
2026-04-25 02:42:29.936308,0.3845,0.3694086
2026-04-25 02:42:39.936308,0.3857,0.380708
2026-04-25 02:42:49.936308,0.3801,0.38750798
2026-04-25 02:42:59.936308,0.3782,0.3856945
2026-04-25 02:43:09.936308,0.3772,0.38465983
2026-04-25 02:43:19.936308,0.3757,0.38379607
2026-04-25 02:43:29.936308,0.3794,0.38370502
2026-04-25 02:43:39.936308,0.3735,0.37843025
2026-04-25 02:43:49.936308,0.3735,0.37510377
2026-04-25 02:43:59.936308,0.3699,0.37294134
2026-04-25 02:44:09.936308,0.3657,0.3725839
2026-04-25 02:44:19.936308,0.3612,0.3762015
2026-04-25 02:44:29.936308,0.3605,0.3710122
2026-04-25 02:44:39.936308,0.3622,0.37024042
2026-04-25 02:44:49.936308,0.3624,0.36769736
2026-04-25 02:44:59.936308,0.3666,0.36395848
2026-04-25 02:45:09.936308,0.3663,0.35941955
2026-04-25 02:45:19.936308,0.3683,0.36041105
2026-04-25 02:45:29.936308,0.3732,0.36440977
2026-04-25 02:45:39.936308,0.376,0.36521345
2026-04-25 02:45:49.936308,0.3806,0.3702422
2026-04-25 02:45:59.936308,0.3857,0.37045577
2026-04-25 02:46:09.936308,0.3911,0.37135932
2026-04-25 02:46:19.936308,0.38,0.375459
2026-04-25 02:46:29.936308,0.3685,0.37773868
2026-04-25 02:46:39.936308,0.3549,0.38143426
2026-04-25 02:46:49.936308,0.3452,0.38468322
2026-04-25 02:46:59.936308,0.3361,0.38951397
2026-04-25 02:47:09.936308,0.3388,0.37837738
2026-04-25 02:47:19.936308,0.3423,0.36547288
2026-04-25 02:47:29.936308,0.2469,0.35094792
2026-04-25 02:47:39.936308,0.255,0.34103683
2026-04-25 02:47:49.936308,0.2652,0.3333151
2026-04-25 02:47:59.936308,0.2705,0.3371196
2026-04-25 02:48:09.936308,0.2712,0.34159356
2026-04-25 02:48:19.936308,0.2775,0.25953263
2026-04-25 02:48:29.936308,0.4789,0.2579451
2026-04-25 02:48:39.936308,0.4802,0.26964
2026-04-25 02:48:49.936308,0.4822,0.27797222
2026-04-25 02:48:59.936308,0.4902,0.28180724
2026-04-25 02:49:09.936308,0.4943,0.28560877
2026-04-25 02:49:19.936308,0.4976,0.46345437
2026-04-25 02:49:29.936308,0.5064,0.48220325
2026-04-25 02:49:39.936308,0.5026,0.4744219
2026-04-25 02:49:49.936308,0.4983,0.47070724
2026-04-25 02:49:59.936308,0.4926,0.47021657
2026-04-25 02:50:09.936308,0.4918,0.47887352
2026-04-25 02:50:19.936308,0.4897,0.48065665
2026-04-25 02:50:29.936308,0.4896,0.47207302
2026-04-25 02:50:39.936308,0.4943,0.47588247
2026-04-25 02:50:49.936308,0.4967,0.46876696
2026-04-25 02:50:59.936308,0.4963,0.4678415
2026-04-25 02:51:09.936308,0.5009,0.4647387
2026-04-25 02:51:19.936308,0.4992,0.46722957
2026-04-25 02:51:29.936308,0.5,0.476772
2026-04-25 02:51:39.936308,0.499,0.47709233
2026-04-25 02:51:49.936308,0.4983,0.4792219
2026-04-25 02:51:59.936308,0.4973,0.48483327
2026-04-25 02:52:09.936308,0.482,0.4830221
2026-04-25 02:52:19.936308,0.4724,0.48282984
2026-04-25 02:52:29.936308,0.4606,0.48452598
2026-04-25 02:52:39.936308,0.4513,0.48178563
2026-04-25 02:52:49.936308,0.4394,0.48193765
2026-04-25 02:52:59.936308,0.4317,0.4689089
2026-04-25 02:53:09.936308,0.4238,0.45793545
2026-04-25 02:53:19.936308,0.4145,0.44942522
2026-04-25 02:53:29.936308,0.5028,0.44011626
2026-04-25 02:53:39.936308,0.4903,0.42778805
2026-04-25 02:53:49.936308,0.4824,0.42036247
2026-04-25 02:53:59.936308,0.0814,0.41358528
2026-04-25 02:54:09.936308,0.0882,0.4038865
2026-04-25 02:54:19.936308,0.0949,0.4821034
2026-04-25 02:54:29.936308,0.1033,0.48005262
2026-04-25 02:54:39.936308,0.1026,0.4717044
2026-04-25 02:54:49.936308,0.1,0.13993438
2026-04-25 02:54:59.936308,0.0963,0.11905208
2026-04-25 02:55:09.936308,0.0943,0.137423
2026-04-25 02:55:19.936308,0.0878,0.1549191
2026-04-25 02:55:29.936308,0.0988,0.16115102
2026-04-25 02:55:39.936308,0.1096,0.15297912
2026-04-25 02:55:49.936308,0.1179,0.14975853
2026-04-25 02:55:59.936308,0.1284,0.14045508
2026-04-25 02:56:09.936308,0.1409,0.13326752
2026-04-25 02:56:19.936308,0.1347,0.13428801
2026-04-25 02:56:29.936308,0.1319,0.16250393
2026-04-25 02:56:39.936308,0.1313,0.164476
2026-04-25 02:56:49.936308,0.1303,0.17743506
2026-04-25 02:56:59.936308,0.1301,0.1802774
2026-04-25 02:57:09.936308,0.1256,0.1726823
2026-04-25 02:57:19.936308,0.1268,0.16623764
2026-04-25 02:57:29.936308,0.1242,0.16298485
2026-04-25 02:57:39.936308,0.1238,0.16392745
2026-04-25 02:57:49.936308,0.1218,0.17179228
2026-04-25 02:57:59.936308,0.1247,0.161098
2026-04-25 02:58:09.936308,0.1295,0.16186613
2026-04-25 02:58:19.936308,0.1285,0.16305836
2026-04-25 02:58:29.936308,0.1308,0.16043015
2026-04-25 02:58:39.936308,0.1332,0.1617624
2026-04-25 02:58:49.936308,0.1445,0.1602768
2026-04-25 02:58:59.936308,0.1581,0.16400628
2026-04-25 02:59:09.936308,0.1716,0.16712165
2026-04-25 02:59:19.936308,0.1794,0.16603132
2026-04-25 02:59:29.936308,0.1946,0.16627282
2026-04-25 02:59:39.936308,0.2123,0.17693384
2026-04-25 02:59:49.936308,0.2242,0.18998657
2026-04-25 02:59:59.936308,0.2378,0.2026531
2026-04-25 03:00:09.936308,0.0,0.20507728
2026-04-25 03:00:19.936308,0.0196,0.21707678
2026-04-25 03:00:29.936308,0.042,0.23476124
2026-04-25 03:00:39.936308,0.0633,0.24533817
2026-04-25 03:00:49.936308,0.0795,0.25866675
2026-04-25 03:00:59.936308,0.0968,0.069535345
2026-04-25 03:01:09.936308,0.1113,0.066729635
2026-04-25 03:01:19.936308,0.1205,0.09844142
2026-04-25 03:01:29.936308,0.13,0.119039446
2026-04-25 03:01:39.936308,0.1393,0.13712107
2026-04-25 03:01:49.936308,0.1503,0.14681405
2026-04-25 03:01:59.936308,0.161,0.15725702
2026-04-25 03:02:09.936308,0.1668,0.1633527
2026-04-25 03:02:19.936308,0.1734,0.16476978
2026-04-25 03:02:29.936308,0.1815,0.17141572
2026-04-25 03:02:39.936308,0.1891,0.19099823
2026-04-25 03:02:49.936308,0.196,0.19887802
2026-04-25 03:02:59.936308,0.2085,0.20066461
2026-04-25 03:03:09.936308,0.2197,0.20041293
2026-04-25 03:03:19.936308,0.23,0.20897101
2026-04-25 03:03:29.936308,0.2414,0.21883383
2026-04-25 03:03:39.936308,0.2513,0.21913539
2026-04-25 03:03:49.936308,0.2515,0.23048894
2026-04-25 03:03:59.936308,0.2559,0.24394506
2026-04-25 03:04:09.936308,0.2557,0.2503255
2026-04-25 03:04:19.936308,0.2569,0.2599223
2026-04-25 03:04:29.936308,0.2577,0.271608
2026-04-25 03:04:39.936308,0.2537,0.26954278
2026-04-25 03:04:49.936308,0.2485,0.27356946
2026-04-25 03:04:59.936308,0.2441,0.2674108
2026-04-25 03:05:09.936308,0.2342,0.26645878
2026-04-25 03:05:19.936308,0.2339,0.26770517
2026-04-25 03:05:29.936308,0.2405,0.2630419
2026-04-25 03:05:39.936308,0.248,0.25789368
2026-04-25 03:05:49.936308,0.2523,0.25270295
2026-04-25 03:05:59.936308,0.2567,0.24453679
2026-04-25 03:06:09.936308,0.2613,0.24619913
2026-04-25 03:06:19.936308,0.262,0.25136095
2026-04-25 03:06:29.936308,0.2652,0.2590083
2026-04-25 03:06:39.936308,0.266,0.26619047
2026-04-25 03:06:49.936308,0.2653,0.26762012
2026-04-25 03:06:59.936308,0.265,0.2745393
2026-04-25 03:07:09.936308,0.2655,0.27621692
2026-04-25 03:07:19.936308,0.2645,0.2781877
2026-04-25 03:07:29.936308,0.2646,0.28040648
2026-04-25 03:07:39.936308,0.2662,0.2793544
2026-04-25 03:07:49.936308,0.2687,0.27935284
2026-04-25 03:07:59.936308,0.266,0.2797869
2026-04-25 03:08:09.936308,0.2635,0.27430677
2026-04-25 03:08:19.936308,0.2599,0.27406222
2026-04-25 03:08:29.936308,0.2572,0.27498204
2026-04-25 03:08:39.936308,0.2551,0.27762234
2026-04-25 03:08:49.936308,0.249,0.27333444
2026-04-25 03:08:59.936308,0.2376,0.26947775
2026-04-25 03:09:09.936308,0.2316,0.2669652
2026-04-25 03:09:19.936308,0.2246,0.2653892
2026-04-25 03:09:29.936308,0.22,0.26424563
2026-04-25 03:09:39.936308,0.2228,0.25981987
2026-04-25 03:09:49.936308,0.2207,0.25060287
2026-04-25 03:09:59.936308,0.2175,0.24323598
2026-04-25 03:10:09.936308,0.2177,0.2368638
2026-04-25 03:10:19.936308,0.2179,0.23356077
2026-04-25 03:10:29.936308,0.2234,0.23552246
2026-04-25 03:10:39.936308,0.2265,0.23837893
2026-04-25 03:10:49.936308,0.2317,0.23398426
2026-04-25 03:10:59.936308,0.2366,0.23645946
2026-04-25 03:11:09.936308,0.2388,0.2373903
2026-04-25 03:11:19.936308,0.2498,0.24182731
2026-04-25 03:11:29.936308,0.2617,0.24415177
2026-04-25 03:11:39.936308,0.2737,0.24932232
2026-04-25 03:11:49.936308,0.2838,0.25522012
2026-04-25 03:11:59.936308,0.2934,0.26000425
2026-04-25 03:12:09.936308,0.297,0.26979694
2026-04-25 03:12:19.936308,0.3011,0.28443336
2026-04-25 03:12:29.936308,0.3052,0.29406062
2026-04-25 03:12:39.936308,0.3097,0.30228555
2026-04-25 03:12:49.936308,0.3164,0.31003228
2026-04-25 03:12:59.936308,0.3211,0.31232643
2026-04-25 03:13:09.936308,0.3287,0.31623456
2026-04-25 03:13:19.936308,0.3394,0.3206918
2026-04-25 03:13:29.936308,0.3441,0.3261999
2026-04-25 03:13:39.936308,0.3451,0.33387247
2026-04-25 03:13:49.936308,0.352,0.3365315
2026-04-25 03:13:59.936308,0.3625,0.34094688
2026-04-25 03:14:09.936308,0.3701,0.34969565
2026-04-25 03:14:19.936308,0.3779,0.3523482
2026-04-25 03:14:29.936308,0.3866,0.35363552
2026-04-25 03:14:39.936308,0.3844,0.35882416
2026-04-25 03:14:49.936308,0.3873,0.3680673
2026-04-25 03:14:59.936308,0.3909,0.37417048
2026-04-25 03:15:09.936308,0.3892,0.38092667
2026-04-25 03:15:19.936308,0.3908,0.38819006
2026-04-25 03:15:29.936308,0.3989,0.38526392
2026-04-25 03:15:39.936308,0.4048,0.38549247
2026-04-25 03:15:49.936308,0.4151,0.38804132
2026-04-25 03:15:59.936308,0.4235,0.38482875
2026-04-25 03:16:09.936308,0.4317,0.3866847
2026-04-25 03:16:19.936308,0.4283,0.39493585
2026-04-25 03:16:29.936308,0.4201,0.3980095
2026-04-25 03:16:39.936308,0.4189,0.40593174
2026-04-25 03:16:49.936308,0.4134,0.4147122
2026-04-25 03:16:59.936308,0.4102,0.42287552
2026-04-25 03:17:09.936308,0.4148,0.42092565
2026-04-25 03:17:19.936308,0.4197,0.4122867
2026-04-25 03:17:29.936308,0.4208,0.41210014
2026-04-25 03:17:39.936308,0.422,0.40817112
2026-04-25 03:17:49.936308,0.4222,0.4053511
2026-04-25 03:17:59.936308,0.4257,0.40757543
2026-04-25 03:18:09.936308,0.4295,0.4124175
2026-04-25 03:18:19.936308,0.4286,0.414092
2026-04-25 03:18:29.936308,0.4306,0.4151502
2026-04-25 03:18:39.936308,0.4297,0.41570258
2026-04-25 03:18:49.936308,0.4172,0.41659638
2026-04-25 03:18:59.936308,0.41,0.4201302
2026-04-25 03:19:09.936308,0.4048,0.42009395
2026-04-25 03:19:19.936308,0.394,0.4225329
2026-04-25 03:19:29.936308,0.3878,0.42104518
2026-04-25 03:19:39.936308,0.3859,0.40988174
2026-04-25 03:19:49.936308,0.4338,0.39960456
2026-04-25 03:19:59.936308,0.4298,0.39326316
2026-04-25 03:20:09.936308,0.4242,0.38286614
2026-04-25 03:20:19.936308,0.4233,0.3794126
2026-04-25 03:20:29.936308,0.4219,0.37776554
2026-04-25 03:20:39.936308,0.4237,0.42242908
2026-04-25 03:20:49.936308,0.4195,0.42601565
2026-04-25 03:20:59.936308,0.4205,0.41837892
2026-04-25 03:21:09.936308,0.4205,0.416953
2026-04-25 03:21:19.936308,0.4207,0.41450366
2026-04-25 03:21:29.936308,0.42,0.41792065
2026-04-25 03:21:39.936308,0.4218,0.41308466
2026-04-25 03:21:49.936308,0.4214,0.4113118
2026-04-25 03:21:59.936308,0.4254,0.41334835
2026-04-25 03:22:09.936308,0.4161,0.41406143
2026-04-25 03:22:19.936308,0.405,0.41265622
2026-04-25 03:22:29.936308,0.3955,0.41455835
2026-04-25 03:22:39.936308,0.387,0.41525778
2026-04-25 03:22:49.936308,0.3779,0.42086542
2026-04-25 03:22:59.936308,0.3849,0.41226622
2026-04-25 03:23:09.936308,0.3911,0.39921618
2026-04-25 03:23:19.936308,0.3992,0.38888305
2026-04-25 03:23:29.936308,0.4045,0.3809626
2026-04-25 03:23:39.936308,0.4111,0.37358236
2026-04-25 03:23:49.936308,0.4066,0.3796122
2026-04-25 03:23:59.936308,0.4011,0.38657618
2026-04-25 03:24:09.936308,0.3979,0.39341527
2026-04-25 03:24:19.936308,0.3949,0.39701423
2026-04-25 03:24:29.936308,0.393,0.40140426
2026-04-25 03:24:39.936308,0.3917,0.39953217
2026-04-25 03:24:49.936308,0.3881,0.39452755
2026-04-25 03:24:59.936308,0.386,0.3908168
2026-04-25 03:25:09.936308,0.3783,0.38730547
2026-04-25 03:25:19.936308,0.3757,0.38414234
2026-04-25 03:25:29.936308,0.3745,0.38226578
2026-04-25 03:25:39.936308,0.3714,0.37655163
2026-04-25 03:25:49.936308,0.3715,0.3753327
2026-04-25 03:25:59.936308,0.3689,0.36884633
2026-04-25 03:26:09.936308,0.3659,0.36722076
2026-04-25 03:26:19.936308,0.3718,0.36552003
2026-04-25 03:26:29.936308,0.3744,0.3644285
2026-04-25 03:26:39.936308,0.3794,0.36475512
2026-04-25 03:26:49.936308,0.3785,0.3636927
2026-04-25 03:26:59.936308,0.3801,0.36073908
2026-04-25 03:27:09.936308,0.3805,0.3669305
2026-04-25 03:27:19.936308,0.3819,0.36928895
2026-04-25 03:27:29.936308,0.3828,0.3756123
2026-04-25 03:27:39.936308,0.3872,0.3760952
2026-04-25 03:27:49.936308,0.3874,0.37685943
2026-04-25 03:27:59.936308,0.3765,0.3783446
2026-04-25 03:28:09.936308,0.3661,0.37910333
2026-04-25 03:28:19.936308,0.357,0.38206157
2026-04-25 03:28:29.936308,0.3465,0.38535893
2026-04-25 03:28:39.936308,0.3366,0.38624772
2026-04-25 03:28:49.936308,0.3251,0.3752536
2026-04-25 03:28:59.936308,0.3191,0.36339393
2026-04-25 03:29:09.936308,0.3123,0.355235
2026-04-25 03:29:19.936308,0.3029,0.34434733
2026-04-25 03:29:29.936308,0.2942,0.33439124
2026-04-25 03:29:39.936308,0.2899,0.32299906
2026-04-25 03:29:49.936308,0.287,0.31801432
2026-04-25 03:29:59.936308,0.2834,0.3101949
2026-04-25 03:30:09.936308,0.2814,0.30118534
2026-04-25 03:30:19.936308,0.2766,0.2926952
2026-04-25 03:30:29.936308,0.2838,0.28980085
2026-04-25 03:30:39.936308,0.2938,0.2879316
2026-04-25 03:30:49.936308,0.3011,0.28428066
2026-04-25 03:30:59.936308,0.3095,0.28272948
2026-04-25 03:31:09.936308,0.32,0.27962503
2026-04-25 03:31:19.936308,0.3244,0.28736418
2026-04-25 03:31:29.936308,0.3315,0.29864705
2026-04-25 03:31:39.936308,0.3407,0.3075236
2026-04-25 03:31:49.936308,0.3478,0.31668597
2026-04-25 03:31:59.936308,0.3541,0.32599032
2026-04-25 03:32:09.936308,0.3481,0.33225706
2026-04-25 03:32:19.936308,0.3412,0.33909836
2026-04-25 03:32:29.936308,0.335,0.34801394
2026-04-25 03:32:39.936308,0.3273,0.35353103
2026-04-25 03:32:49.936308,0.322,0.35996786
2026-04-25 03:32:59.936308,0.8085,0.35320824
2026-04-25 03:33:09.936308,0.8026,0.344055
2026-04-25 03:33:19.936308,0.8008,0.33548802
2026-04-25 03:33:29.936308,0.797,0.3267728
2026-04-25 03:33:39.936308,0.7918,0.32206166
2026-04-25 03:33:49.936308,0.776,0.70377386
2026-04-25 03:33:59.936308,0.7591,0.73280305
2026-04-25 03:34:09.936308,0.748,0.7288233
2026-04-25 03:34:19.936308,0.7332,0.7057208
2026-04-25 03:34:29.936308,0.7218,0.7019879
2026-04-25 03:34:39.936308,0.714,0.70466566
2026-04-25 03:34:49.936308,0.7081,0.68244696
2026-04-25 03:34:59.936308,0.7011,0.6686826
2026-04-25 03:35:09.936308,0.697,0.66933274
2026-04-25 03:35:19.936308,0.6886,0.6590755
2026-04-25 03:35:29.936308,0.6659,0.6537228
2026-04-25 03:35:39.936308,0.6473,0.6511371
2026-04-25 03:35:49.936308,0.6289,0.6510087
2026-04-25 03:35:59.936308,0.6081,0.6605289
2026-04-25 03:36:09.936308,0.5907,0.6411855
2026-04-25 03:36:19.936308,0.5848,0.62073666
2026-04-25 03:36:29.936308,0.5871,0.60890365
2026-04-25 03:36:39.936308,0.5862,0.59075177
2026-04-25 03:36:49.936308,0.5803,0.57279956
2026-04-25 03:36:59.936308,0.5766,0.56202793
2026-04-25 03:37:09.936308,0.5707,0.5527011
2026-04-25 03:37:19.936308,0.5642,0.5577963
2026-04-25 03:37:29.936308,0.5536,0.55730593
2026-04-25 03:37:39.936308,0.5474,0.5476247
2026-04-25 03:37:49.936308,0.5393,0.5476243
2026-04-25 03:37:59.936308,0.5292,0.5427008
2026-04-25 03:38:09.936308,0.5175,0.53764236
2026-04-25 03:38:19.936308,0.5075,0.52930796
2026-04-25 03:38:29.936308,0.4982,0.527856
2026-04-25 03:38:39.936308,0.492,0.5201633
2026-04-25 03:38:49.936308,0.4829,0.5098997
2026-04-25 03:38:59.936308,0.4751,0.49944556
2026-04-25 03:39:09.936308,0.4684,0.49302968
2026-04-25 03:39:19.936308,0.4615,0.48200494
2026-04-25 03:39:29.936308,0.4551,0.47615376
2026-04-25 03:39:39.936308,0.45,0.46991584
2026-04-25 03:39:49.936308,0.4434,0.46313766
2026-04-25 03:39:59.936308,0.4368,0.45594162
2026-04-25 03:40:09.936308,0.4276,0.45177406
2026-04-25 03:40:19.936308,0.4263,0.44391304
2026-04-25 03:40:29.936308,0.4159,0.43908122
2026-04-25 03:40:39.936308,0.406,0.43466437
2026-04-25 03:40:49.936308,0.3958,0.42876506
2026-04-25 03:40:59.936308,0.3853,0.42142943
2026-04-25 03:41:09.936308,0.3734,0.42106694
2026-04-25 03:41:19.936308,0.3774,0.41262642
2026-04-25 03:41:29.936308,0.3794,0.40171498
2026-04-25 03:41:39.936308,0.3797,0.3910751
2026-04-25 03:41:49.936308,0.3786,0.37930107
2026-04-25 03:41:59.936308,0.3765,0.36804497
2026-04-25 03:42:09.936308,0.3649,0.3721497
2026-04-25 03:42:19.936308,0.3566,0.3747493
2026-04-25 03:42:29.936308,0.3451,0.3790949
2026-04-25 03:42:39.936308,0.3369,0.37769303
2026-04-25 03:42:49.936308,0.3288,0.37383455
2026-04-25 03:42:59.936308,0.3298,0.36523396
2026-04-25 03:43:09.936308,0.331,0.3539855
2026-04-25 03:43:19.936308,0.3322,0.34167978
2026-04-25 03:43:29.936308,0.3317,0.33411568
2026-04-25 03:43:39.936308,0.3298,0.32780987
2026-04-25 03:43:49.936308,0.3298,0.32882136
2026-04-25 03:43:59.936308,0.3371,0.33205613
2026-04-25 03:44:09.936308,0.3379,0.33282858
2026-04-25 03:44:19.936308,0.3441,0.3319453
2026-04-25 03:44:29.936308,0.3454,0.32885092
2026-04-25 03:44:39.936308,0.3521,0.3274028
2026-04-25 03:44:49.936308,0.3546,0.33516234
2026-04-25 03:44:59.936308,0.3589,0.33849788
2026-04-25 03:45:09.936308,0.364,0.34552726
2026-04-25 03:45:19.936308,0.3689,0.34776783
2026-04-25 03:45:29.936308,0.3675,0.35484305
2026-04-25 03:45:39.936308,0.3617,0.35807568
2026-04-25 03:45:49.936308,0.3578,0.36229792
2026-04-25 03:45:59.936308,0.3519,0.3654332
2026-04-25 03:46:09.936308,0.3572,0.37132105
2026-04-25 03:46:19.936308,0.362,0.36985397
2026-04-25 03:46:29.936308,0.3656,0.36145282
2026-04-25 03:46:39.936308,0.3664,0.35499376
2026-04-25 03:46:49.936308,0.3734,0.34936675
2026-04-25 03:46:59.936308,0.3788,0.3535257
2026-04-25 03:47:09.936308,0.3869,0.36207795
2026-04-25 03:47:19.936308,0.3945,0.36686844
2026-04-25 03:47:29.936308,0.4015,0.36859086
2026-04-25 03:47:39.936308,0.4094,0.37306565
2026-04-25 03:47:49.936308,0.4149,0.3798214
2026-04-25 03:47:59.936308,0.4096,0.3876923
2026-04-25 03:48:09.936308,0.4017,0.3929559
2026-04-25 03:48:19.936308,0.3978,0.40121025
2026-04-25 03:48:29.936308,0.3939,0.40822294
2026-04-25 03:48:39.936308,0.3875,0.41201112
2026-04-25 03:48:49.936308,0.3876,0.40574515
2026-04-25 03:48:59.936308,0.3881,0.39657575
2026-04-25 03:49:09.936308,0.3899,0.39194936
2026-04-25 03:49:19.936308,0.3883,0.3887721
2026-04-25 03:49:29.936308,0.3897,0.38125765
2026-04-25 03:49:39.936308,0.392,0.3800794
2026-04-25 03:49:49.936308,0.3924,0.37872157
2026-04-25 03:49:59.936308,0.3912,0.37966305
2026-04-25 03:50:09.936308,0.3905,0.3784828
2026-04-25 03:50:19.936308,0.3888,0.37906614
2026-04-25 03:50:29.936308,0.3826,0.38181618
2026-04-25 03:50:39.936308,0.3777,0.38257754
2026-04-25 03:50:49.936308,0.3681,0.38133803
2026-04-25 03:50:59.936308,0.3618,0.3797258
2026-04-25 03:51:09.936308,0.3544,0.37473008
2026-04-25 03:51:19.936308,0.3615,0.36723614
2026-04-25 03:51:29.936308,0.3719,0.36168346
2026-04-25 03:51:39.936308,0.3817,0.35466424
2026-04-25 03:51:49.936308,0.3895,0.34924018
2026-04-25 03:51:59.936308,0.3961,0.34587476
2026-04-25 03:52:09.936308,0.3973,0.35409686
2026-04-25 03:52:19.936308,0.3986,0.3647017
2026-04-25 03:52:29.936308,0.3937,0.37465298
2026-04-25 03:52:39.936308,0.3932,0.37919524
2026-04-25 03:52:49.936308,0.3863,0.38578996
2026-04-25 03:52:59.936308,0.3947,0.38854086
2026-04-25 03:53:09.936308,0.4034,0.39068022
2026-04-25 03:53:19.936308,0.4143,0.38510823
2026-04-25 03:53:29.936308,0.424,0.3841195
2026-04-25 03:53:39.936308,0.4314,0.37973437
2026-04-25 03:53:49.936308,0.4339,0.3858562
2026-04-25 03:53:59.936308,0.4333,0.3958347
2026-04-25 03:54:09.936308,0.4323,0.40495628
2026-04-25 03:54:19.936308,0.4305,0.41519463
2026-04-25 03:54:29.936308,0.4314,0.4229491
2026-04-25 03:54:39.936308,0.4294,0.42565393
2026-04-25 03:54:49.936308,0.4262,0.42708215
2026-04-25 03:54:59.936308,0.4192,0.4259687
2026-04-25 03:55:09.936308,0.4164,0.4240145
2026-04-25 03:55:19.936308,0.4114,0.42174014
2026-04-25 03:55:29.936308,0.4098,0.42069542
2026-04-25 03:55:39.936308,0.4079,0.41646886
2026-04-25 03:55:49.936308,0.4052,0.41173
2026-04-25 03:55:59.936308,0.4046,0.4083641
2026-04-25 03:56:09.936308,0.4012,0.4031728
2026-04-25 03:56:19.936308,0.4092,0.40285847
2026-04-25 03:56:29.936308,0.4181,0.3982223
2026-04-25 03:56:39.936308,0.4238,0.39489043
2026-04-25 03:56:49.936308,0.4295,0.39528173
2026-04-25 03:56:59.936308,0.4398,0.3928647
2026-04-25 03:57:09.936308,0.4384,0.39917904
2026-04-25 03:57:19.936308,0.4367,0.40733907
2026-04-25 03:57:29.936308,0.4323,0.41160542
2026-04-25 03:57:39.936308,0.4333,0.41824394
2026-04-25 03:57:49.936308,0.4315,0.4288633
2026-04-25 03:57:59.936308,0.0,0.42786908
2026-04-25 03:58:09.936308,0.0108,0.4278288
2026-04-25 03:58:19.936308,0.0231,0.42191106
2026-04-25 03:58:29.936308,0.0345,0.422197
2026-04-25 03:58:39.936308,0.0431,0.42285526
2026-04-25 03:58:49.936308,0.0403,0.06905708
2026-04-25 03:58:59.936308,0.0423,0.052665174
2026-04-25 03:59:09.936308,0.0447,0.07435152
2026-04-25 03:59:19.936308,0.0466,0.08834866
2026-04-25 03:59:29.936308,0.0483,0.099388
2026-04-25 03:59:39.936308,0.0519,0.09036559
2026-04-25 03:59:49.936308,0.058,0.090844065
2026-04-25 03:59:59.936308,0.0667,0.089066505
2026-04-25 04:00:09.936308,0.0748,0.087340266
2026-04-25 04:00:19.936308,0.08,0.08711338
2026-04-25 04:00:29.936308,0.089,0.10511017
2026-04-25 04:00:39.936308,0.0978,0.105281144
2026-04-25 04:00:49.936308,0.1074,0.11688119
2026-04-25 04:00:59.936308,0.1146,0.11719981
2026-04-25 04:01:09.936308,0.1237,0.118884
2026-04-25 04:01:19.936308,0.134,0.12698042
2026-04-25 04:01:29.936308,0.1406,0.12939411
2026-04-25 04:01:39.936308,0.1527,0.13763222
2026-04-25 04:01:49.936308,0.1609,0.1478869
2026-04-25 04:01:59.936308,0.1694,0.14789265
2026-04-25 04:02:09.936308,0.1718,0.1610294
2026-04-25 04:02:19.936308,0.1775,0.1692609
2026-04-25 04:02:29.936308,0.1872,0.17515261
2026-04-25 04:02:39.936308,0.1925,0.18676762
2026-04-25 04:02:49.936308,0.1972,0.19131376
2026-04-25 04:02:59.936308,0.1967,0.1929216
2026-04-25 04:03:09.936308,0.1935,0.19551311
2026-04-25 04:03:19.936308,0.1903,0.2011255
2026-04-25 04:03:29.936308,0.186,0.20720303
2026-04-25 04:03:39.936308,0.1873,0.21307494
2026-04-25 04:03:49.936308,0.1816,0.21240549
2026-04-25 04:03:59.936308,0.1751,0.20973045
2026-04-25 04:04:09.936308,0.1752,0.20168526
2026-04-25 04:04:19.936308,0.1709,0.1971362
2026-04-25 04:04:29.936308,0.1687,0.1981456
2026-04-25 04:04:39.936308,0.1716,0.19263248
2026-04-25 04:04:49.936308,0.1766,0.18897472
2026-04-25 04:04:59.936308,0.1796,0.19151166
2026-04-25 04:05:09.936308,0.1834,0.18691179
2026-04-25 04:05:19.936308,0.1908,0.18770331
2026-04-25 04:05:29.936308,0.2067,0.19030651
2026-04-25 04:05:39.936308,0.2196,0.1988196
2026-04-25 04:05:49.936308,0.2368,0.20191982
2026-04-25 04:05:59.936308,0.2468,0.20590396
2026-04-25 04:06:09.936308,0.2585,0.2116418
2026-04-25 04:06:19.936308,0.2696,0.22882618
2026-04-25 04:06:29.936308,0.2832,0.24096401
2026-04-25 04:06:39.936308,0.2951,0.25497243
2026-04-25 04:06:49.936308,0.3032,0.26528746
2026-04-25 04:06:59.936308,0.3162,0.27431783
2026-04-25 04:07:09.936308,0.3129,0.28375578
2026-04-25 04:07:19.936308,0.306,0.29534635
2026-04-25 04:07:29.936308,0.2997,0.31042606
2026-04-25 04:07:39.936308,0.2948,0.31906483
2026-04-25 04:07:49.936308,0.2916,0.33053324
2026-04-25 04:07:59.936308,0.2867,0.32523185
2026-04-25 04:08:09.936308,0.2825,0.31537652
2026-04-25 04:08:19.936308,0.2805,0.3063998
2026-04-25 04:08:29.936308,0.2752,0.29899377
2026-04-25 04:08:39.936308,0.2665,0.29610857
2026-04-25 04:08:49.936308,0.2728,0.29168004
2026-04-25 04:08:59.936308,0.2833,0.2892996
2026-04-25 04:09:09.936308,0.2849,0.28910482
2026-04-25 04:09:19.936308,0.2899,0.2838448
2026-04-25 04:09:29.936308,0.2962,0.27292156
2026-04-25 04:09:39.936308,0.3005,0.27703682
2026-04-25 04:09:49.936308,0.3065,0.28734732
2026-04-25 04:09:59.936308,0.3138,0.2893136
2026-04-25 04:10:09.936308,0.3178,0.29332897
2026-04-25 04:10:19.936308,0.3195,0.297207
2026-04-25 04:10:29.936308,0.3153,0.30488825
2026-04-25 04:10:39.936308,0.3147,0.31218597
2026-04-25 04:10:49.936308,0.31,0.31944138
2026-04-25 04:10:59.936308,0.3119,0.32663184
2026-04-25 04:11:09.936308,0.3092,0.3243115
2026-04-25 04:11:19.936308,0.3097,0.32105386
2026-04-25 04:11:29.936308,0.3127,0.31896645
2026-04-25 04:11:39.936308,0.3109,0.31633198
2026-04-25 04:11:49.936308,0.3105,0.3156135
2026-04-25 04:11:59.936308,0.3134,0.31189683
2026-04-25 04:12:09.936308,0.3211,0.31266245
2026-04-25 04:12:19.936308,0.3278,0.31736583
2026-04-25 04:12:29.936308,0.3365,0.31387922
2026-04-25 04:12:39.936308,0.3421,0.31329328
2026-04-25 04:12:49.936308,0.3507,0.31531996
2026-04-25 04:12:59.936308,0.3599,0.32060188
2026-04-25 04:13:09.936308,0.3696,0.32910746
2026-04-25 04:13:19.936308,0.3753,0.3373878
2026-04-25 04:13:29.936308,0.3861,0.34022775
2026-04-25 04:13:39.936308,0.3942,0.35360727
2026-04-25 04:13:49.936308,0.384,0.35813975
2026-04-25 04:13:59.936308,0.3744,0.3682454
2026-04-25 04:14:09.936308,0.3638,0.37413767
2026-04-25 04:14:19.936308,0.3533,0.38357186
2026-04-25 04:14:29.936308,0.3454,0.39042944
2026-04-25 04:14:39.936308,0.3489,0.3821969
2026-04-25 04:14:49.936308,0.3484,0.37338752
2026-04-25 04:14:59.936308,0.3481,0.36357248
2026-04-25 04:15:09.936308,0.3495,0.35184896
2026-04-25 04:15:19.936308,0.3477,0.3458316
2026-04-25 04:15:29.936308,0.3558,0.34701666
2026-04-25 04:15:39.936308,0.3675,0.34515226
2026-04-25 04:15:49.936308,0.3758,0.34587905
2026-04-25 04:15:59.936308,0.3815,0.34752083
2026-04-25 04:16:09.936308,0.3887,0.34617656
2026-04-25 04:16:19.936308,0.3941,0.35606474
2026-04-25 04:16:29.936308,0.3958,0.3670927
2026-04-25 04:16:39.936308,0.3987,0.37807044
2026-04-25 04:16:49.936308,0.4,0.38468075
2026-04-25 04:16:59.936308,0.4042,0.3914678
2026-04-25 04:17:09.936308,0.3996,0.39786038
2026-04-25 04:17:19.936308,0.3951,0.39975423
2026-04-25 04:17:29.936308,0.389,0.4046047
2026-04-25 04:17:39.936308,0.3878,0.40323785
2026-04-25 04:17:49.936308,0.3859,0.40460747
2026-04-25 04:17:59.936308,0.3801,0.3990427
2026-04-25 04:18:09.936308,0.373,0.392171
2026-04-25 04:18:19.936308,0.3707,0.38597113
2026-04-25 04:18:29.936308,0.3657,0.38589004
2026-04-25 04:18:39.936308,0.3652,0.38503698
2026-04-25 04:18:49.936308,0.3673,0.3789697
2026-04-25 04:18:59.936308,0.3723,0.37140438
2026-04-25 04:19:09.936308,0.3759,0.36767936
2026-04-25 04:19:19.936308,0.3776,0.36263496
2026-04-25 04:19:29.936308,0.3754,0.36160994
2026-04-25 04:19:39.936308,0.3821,0.36502603
2026-04-25 04:19:49.936308,0.3801,0.3706976
2026-04-25 04:19:59.936308,0.3781,0.3741857
2026-04-25 04:20:09.936308,0.3775,0.37184936
2026-04-25 04:20:19.936308,0.3801,0.37107095
2026-04-25 04:20:29.936308,0.3784,0.37542814
2026-04-25 04:20:39.936308,0.3783,0.37531984
2026-04-25 04:20:49.936308,0.381,0.37500912
2026-04-25 04:20:59.936308,0.3829,0.37389174
2026-04-25 04:21:09.936308,0.386,0.37719035
2026-04-25 04:21:19.936308,0.3929,0.37631398
2026-04-25 04:21:29.936308,0.4012,0.37857684
2026-04-25 04:21:39.936308,0.4072,0.38174057
2026-04-25 04:21:49.936308,0.4095,0.37782422
2026-04-25 04:21:59.936308,0.4208,0.38027012
2026-04-25 04:22:09.936308,0.4263,0.38611087
2026-04-25 04:22:19.936308,0.4296,0.39577764
2026-04-25 04:22:29.936308,0.4353,0.40294203
2026-04-25 04:22:39.936308,0.3555,0.40389648
2026-04-25 04:22:49.936308,0.3641,0.41176474
2026-04-25 04:22:59.936308,0.3647,0.41762918
2026-04-25 04:23:09.936308,0.3636,0.42051354
2026-04-25 04:23:19.936308,0.3593,0.42829484
2026-04-25 04:23:29.936308,0.3569,0.35496408
2026-04-25 04:23:39.936308,0.3542,0.35693827
2026-04-25 04:23:49.936308,0.3523,0.35951898
2026-04-25 04:23:59.936308,0.3519,0.36186513
2026-04-25 04:24:09.936308,0.3498,0.3609535
2026-04-25 04:24:19.936308,0.3508,0.3582189
2026-04-25 04:24:29.936308,0.3512,0.35443354
2026-04-25 04:24:39.936308,0.3629,0.35276735
2026-04-25 04:24:49.936308,0.3701,0.34908965
2026-04-25 04:24:59.936308,0.3767,0.3484479
2026-04-25 04:25:09.936308,0.3859,0.3523772
2026-04-25 04:25:19.936308,0.3938,0.35302398
2026-04-25 04:25:29.936308,0.3918,0.3635455
2026-04-25 04:25:39.936308,0.3922,0.3688658
2026-04-25 04:25:49.936308,0.3927,0.3737317
2026-04-25 04:25:59.936308,0.3971,0.38353142
2026-04-25 04:26:09.936308,0.3988,0.38954943
2026-04-25 04:26:19.936308,0.4038,0.38720453
2026-04-25 04:26:29.936308,0.4134,0.38843292
2026-04-25 04:26:39.936308,0.4228,0.388472
2026-04-25 04:26:49.936308,0.4292,0.39191508
2026-04-25 04:26:59.936308,0.4373,0.39552453
2026-04-25 04:27:09.936308,0.4439,0.39701048
2026-04-25 04:27:19.936308,0.4507,0.4025118
2026-04-25 04:27:29.936308,0.4581,0.41121092
2026-04-25 04:27:39.936308,0.4654,0.41884294
2026-04-25 04:27:49.936308,0.4716,0.42627516
2026-04-25 04:27:59.936308,0.4771,0.4307727
2026-04-25 04:28:09.936308,0.4816,0.43755096
2026-04-25 04:28:19.936308,0.4858,0.44352296
2026-04-25 04:28:29.936308,0.4898,0.44890276
2026-04-25 04:28:39.936308,0.4956,0.45159334
2026-04-25 04:28:49.936308,0.488,0.45781076
2026-04-25 04:28:59.936308,0.4758,0.46041
2026-04-25 04:29:09.936308,0.4661,0.46346307
2026-04-25 04:29:19.936308,0.4577,0.46422383
2026-04-25 04:29:29.936308,0.4522,0.46767962
2026-04-25 04:29:39.936308,0.4558,0.46148616
2026-04-25 04:29:49.936308,0.4557,0.44803715
2026-04-25 04:29:59.936308,0.4546,0.43884856
2026-04-25 04:30:09.936308,0.4548,0.43238395
2026-04-25 04:30:19.936308,0.454,0.4273843
2026-04-25 04:30:29.936308,0.4557,0.43212909
2026-04-25 04:30:39.936308,0.4626,0.43411234
2026-04-25 04:30:49.936308,0.4709,0.43505135
2026-04-25 04:30:59.936308,0.4736,0.43578583
2026-04-25 04:31:09.936308,0.478,0.43395388
2026-04-25 04:31:19.936308,0.4709,0.43546462
2026-04-25 04:31:29.936308,0.4646,0.44268066
2026-04-25 04:31:39.936308,0.4556,0.45274463
2026-04-25 04:31:49.936308,0.4476,0.4540044
2026-04-25 04:31:59.936308,0.4432,0.4589097
2026-04-25 04:32:09.936308,0.4406,0.4544138
2026-04-25 04:32:19.936308,0.4354,0.4460788
2026-04-25 04:32:29.936308,0.4317,0.43432966
2026-04-25 04:32:39.936308,0.4254,0.42490533
2026-04-25 04:32:49.936308,0.4193,0.42252567
2026-04-25 04:32:59.936308,0.4257,0.42139006
2026-04-25 04:33:09.936308,0.4329,0.41696247
2026-04-25 04:33:19.936308,0.4394,0.4125506
2026-04-25 04:33:29.936308,0.4433,0.41016114
2026-04-25 04:33:39.936308,0.4515,0.40384656
2026-04-25 04:33:49.936308,0.4467,0.40917644
2026-04-25 04:33:59.936308,0.4416,0.4170374
2026-04-25 04:34:09.936308,0.4386,0.4256951
2026-04-25 04:34:19.936308,0.4375,0.43034047
2026-04-25 04:34:29.936308,0.4337,0.43612897
2026-04-25 04:34:39.936308,0.4258,0.433659
2026-04-25 04:34:49.936308,0.4193,0.4325508
2026-04-25 04:34:59.936308,0.4139,0.42955422
2026-04-25 04:35:09.936308,0.4053,0.42881915
2026-04-25 04:35:19.936308,0.3968,0.42652103
2026-04-25 04:35:29.936308,0.3904,0.41937593
2026-04-25 04:35:39.936308,0.3798,0.41185498
2026-04-25 04:35:49.936308,0.3749,0.40752214
2026-04-25 04:35:59.936308,0.3638,0.39802748
2026-04-25 04:36:09.936308,0.3528,0.3901319
2026-04-25 04:36:19.936308,0.3616,0.38333657
2026-04-25 04:36:29.936308,0.3734,0.3740008
2026-04-25 04:36:39.936308,0.3798,0.3667878
2026-04-25 04:36:49.936308,0.3928,0.35714552
2026-04-25 04:36:59.936308,0.4047,0.34894505
2026-04-25 04:37:09.936308,0.3969,0.3583082
2026-04-25 04:37:19.936308,0.3865,0.37212193
2026-04-25 04:37:29.936308,0.3773,0.3835367
2026-04-25 04:37:39.936308,0.3696,0.3964989
2026-04-25 04:37:49.936308,0.3594,0.40949985
2026-04-25 04:37:59.936308,0.3653,0.4028261
2026-04-25 04:38:09.936308,0.3738,0.38941115
2026-04-25 04:38:19.936308,0.3751,0.37697554
2026-04-25 04:38:29.936308,0.3839,0.37221017
2026-04-25 04:38:39.936308,0.3915,0.3631183
2026-04-25 04:38:49.936308,0.3837,0.36839643
2026-04-25 04:38:59.936308,0.3801,0.37709242
2026-04-25 04:39:09.936308,0.3754,0.38020295
2026-04-25 04:39:19.936308,0.3688,0.39018
2026-04-25 04:39:29.936308,0.3678,0.39673993
2026-04-25 04:39:39.936308,0.3765,0.38975307
2026-04-25 04:39:49.936308,0.3849,0.38387084
2026-04-25 04:39:59.936308,0.3925,0.37775698
2026-04-25 04:40:09.936308,0.4,0.37034163
2026-04-25 04:40:19.936308,0.408,0.36755309
2026-04-25 04:40:29.936308,0.3997,0.3739357
2026-04-25 04:40:39.936308,0.389,0.38286301
2026-04-25 04:40:49.936308,0.3821,0.3921416
2026-04-25 04:40:59.936308,0.3703,0.40003175
2026-04-25 04:41:09.936308,0.3629,0.4062279
2026-04-25 04:41:19.936308,0.3599,0.39628008
2026-04-25 04:41:29.936308,0.3544,0.3882205
2026-04-25 04:41:39.936308,0.3481,0.37847427
2026-04-25 04:41:49.936308,0.3467,0.36634696
2026-04-25 04:41:59.936308,0.3465,0.35936782
2026-04-25 04:42:09.936308,0.3474,0.35787126
2026-04-25 04:42:19.936308,0.3469,0.35134554
2026-04-25 04:42:29.936308,0.3448,0.34706295
2026-04-25 04:42:39.936308,0.3474,0.3467567
2026-04-25 04:42:49.936308,0.3518,0.34786022
2026-04-25 04:42:59.936308,0.3502,0.35043204
2026-04-25 04:43:09.936308,0.3558,0.35086706
2026-04-25 04:43:19.936308,0.3577,0.3490349
2026-04-25 04:43:29.936308,0.3603,0.35121566
2026-04-25 04:43:39.936308,0.3661,0.3558765
2026-04-25 04:43:49.936308,0.3694,0.35141608
2026-04-25 04:43:59.936308,0.3719,0.35642385
2026-04-25 04:44:09.936308,0.3702,0.3556418
2026-04-25 04:44:19.936308,0.3747,0.36149198
2026-04-25 04:44:29.936308,0.3782,0.36366326
2026-04-25 04:44:39.936308,0.3787,0.3675208
2026-04-25 04:44:49.936308,0.3766,0.3719891
2026-04-25 04:44:59.936308,0.3773,0.37065998
2026-04-25 04:45:09.936308,0.3801,0.37759906
2026-04-25 04:45:19.936308,0.3789,0.3777267
2026-04-25 04:45:29.936308,0.3772,0.38188437
2026-04-25 04:45:39.936308,0.3717,0.38024944
2026-04-25 04:45:49.936308,0.3686,0.3748346
2026-04-25 04:45:59.936308,0.3675,0.3779575
2026-04-25 04:46:09.936308,0.3647,0.37823644
2026-04-25 04:46:19.936308,0.3718,0.37158632
2026-04-25 04:46:29.936308,0.3806,0.36509836
2026-04-25 04:46:39.936308,0.3862,0.3578805
2026-04-25 04:46:49.936308,0.3948,0.3593557
2026-04-25 04:46:59.936308,0.405,0.35996875
2026-04-25 04:47:09.936308,0.4114,0.3646673
2026-04-25 04:47:19.936308,0.4185,0.37446696
2026-04-25 04:47:29.936308,0.4233,0.3843636
2026-04-25 04:47:39.936308,0.4327,0.39709052
2026-04-25 04:47:49.936308,0.4364,0.40517566
2026-04-25 04:47:59.936308,0.4305,0.41105628
2026-04-25 04:48:09.936308,0.4214,0.41669044
2026-04-25 04:48:19.936308,0.4115,0.42027578
2026-04-25 04:48:29.936308,0.4058,0.4264004
2026-04-25 04:48:39.936308,0.3969,0.4294501
2026-04-25 04:48:49.936308,0.3875,0.42341912
2026-04-25 04:48:59.936308,0.3782,0.41434008
2026-04-25 04:49:09.936308,0.3689,0.40427443
2026-04-25 04:49:19.936308,0.3585,0.40019956
2026-04-25 04:49:29.936308,0.3517,0.39311457
2026-04-25 04:49:39.936308,0.3593,0.38103098
2026-04-25 04:49:49.936308,0.3633,0.3706029
2026-04-25 04:49:59.936308,0.3722,0.36139452
2026-04-25 04:50:09.936308,0.3787,0.34830537
2026-04-25 04:50:19.936308,0.3842,0.34181896
2026-04-25 04:50:29.936308,0.3818,0.35048625
2026-04-25 04:50:39.936308,0.5711,0.35792044
2026-04-25 04:50:49.936308,0.5652,0.37042716
2026-04-25 04:50:59.936308,0.56,0.37658107
2026-04-25 04:51:09.936308,0.5546,0.37993294
2026-04-25 04:51:19.936308,0.5571,0.38095653
2026-04-25 04:51:29.936308,0.5602,0.544717
2026-04-25 04:51:39.936308,0.5626,0.5541724
2026-04-25 04:51:49.936308,0.5635,0.5424143
2026-04-25 04:51:59.936308,0.5627,0.53226393
2026-04-25 04:52:09.936308,0.5668,0.52741235
2026-04-25 04:52:19.936308,0.5705,0.5381757
2026-04-25 04:52:29.936308,0.5729,0.5322481
2026-04-25 04:52:39.936308,0.5782,0.5295469
2026-04-25 04:52:49.936308,0.5797,0.5276923
2026-04-25 04:52:59.936308,0.5695,0.53117037
2026-04-25 04:53:09.936308,0.5596,0.5337516
2026-04-25 04:53:19.936308,0.5519,0.5363039
2026-04-25 04:53:29.936308,0.5407,0.544309
2026-04-25 04:53:39.936308,0.5304,0.5518798
2026-04-25 04:53:49.936308,0.5196,0.5371411
2026-04-25 04:53:59.936308,0.5114,0.52708334
2026-04-25 04:54:09.936308,0.5043,0.5219899
2026-04-25 04:54:19.936308,0.4957,0.51151764
2026-04-25 04:54:29.936308,0.484,0.5016837
2026-04-25 04:54:39.936308,0.4757,0.49300486
2026-04-25 04:54:49.936308,0.465,0.4855629
2026-04-25 04:54:59.936308,0.4545,0.4805973
2026-04-25 04:55:09.936308,0.447,0.4701745
2026-04-25 04:55:19.936308,0.4387,0.45931917
2026-04-25 04:55:29.936308,0.4434,0.4542935
2026-04-25 04:55:39.936308,0.4506,0.44441926
2026-04-25 04:55:49.936308,0.4573,0.43566316
2026-04-25 04:55:59.936308,0.4653,0.43165734
2026-04-25 04:56:09.936308,0.4688,0.42597315
2026-04-25 04:56:19.936308,0.4665,0.4301997
2026-04-25 04:56:29.936308,0.4606,0.43682232
2026-04-25 04:56:39.936308,0.4574,0.44246662
2026-04-25 04:56:49.936308,0.4547,0.4502998
2026-04-25 04:56:59.936308,0.4506,0.45269805
2026-04-25 04:57:09.936308,0.6738,0.4503218
2026-04-25 04:57:19.936308,0.6542,0.44364625
2026-04-25 04:57:29.936308,0.6373,0.44224486
2026-04-25 04:57:39.936308,0.6166,0.44210097
2026-04-25 04:57:49.936308,0.6007,0.4367025
2026-04-25 04:57:59.936308,0.6024,0.62168884
2026-04-25 04:58:09.936308,0.6068,0.6220577
2026-04-25 04:58:19.936308,0.6043,0.6024263
2026-04-25 04:58:29.936308,0.6019,0.57504684
2026-04-25 04:58:39.936308,0.6008,0.55719566
2026-04-25 04:58:49.936308,0.6029,0.5684993
2026-04-25 04:58:59.936308,0.6042,0.5705575
2026-04-25 04:59:09.936308,0.6058,0.56329644
2026-04-25 04:59:19.936308,0.6078,0.5661639
2026-04-25 04:59:29.936308,0.607,0.5665362
2026-04-25 04:59:39.936308,0.6037,0.5662196
2026-04-25 04:59:49.936308,0.605,0.5658451
2026-04-25 04:59:59.936308,0.6063,0.5713478
2026-04-25 05:00:09.936308,0.6048,0.5837002
2026-04-25 05:00:19.936308,0.6062,0.5784291
2026-04-25 05:00:29.936308,0.5877,0.57305604
2026-04-25 05:00:39.936308,0.5719,0.5766162
2026-04-25 05:00:49.936308,0.5548,0.57839084
2026-04-25 05:00:59.936308,0.5356,0.57610303
2026-04-25 05:01:09.936308,0.5218,0.57692736
2026-04-25 05:01:19.936308,0.5076,0.557945
2026-04-25 05:01:29.936308,0.4942,0.5405279
2026-04-25 05:01:39.936308,0.4829,0.5230961
2026-04-25 05:01:49.936308,0.4689,0.5008904
2026-04-25 05:01:59.936308,0.4544,0.49257022
2026-04-25 05:02:09.936308,0.4449,0.47997305
2026-04-25 05:02:19.936308,0.4334,0.4697775
2026-04-25 05:02:29.936308,0.4238,0.4566598
2026-04-25 05:02:39.936308,0.4143,0.44396377
2026-04-25 05:02:49.936308,0.4032,0.43244082
2026-04-25 05:02:59.936308,0.4037,0.42240897
2026-04-25 05:03:09.936308,0.4056,0.4111531
2026-04-25 05:03:19.936308,0.4082,0.40380368
2026-04-25 05:03:29.936308,0.411,0.39941126
2026-04-25 05:03:39.936308,0.4147,0.3896476
2026-04-25 05:03:49.936308,0.4167,0.39271677
2026-04-25 05:03:59.936308,0.4215,0.396475
2026-04-25 05:04:09.936308,0.4241,0.39918748
2026-04-25 05:04:19.936308,0.4244,0.4030777
2026-04-25 05:04:29.936308,0.4258,0.40272927
2026-04-25 05:04:39.936308,0.4256,0.4081118
2026-04-25 05:04:49.936308,0.4265,0.41424203
2026-04-25 05:04:59.936308,0.4273,0.41832566
2026-04-25 05:05:09.936308,0.4243,0.41957963
2026-04-25 05:05:19.936308,0.4255,0.4205458
2026-04-25 05:05:29.936308,0.4145,0.4207246
2026-04-25 05:05:39.936308,0.4018,0.4219492
2026-04-25 05:05:49.936308,0.3929,0.4192948
2026-04-25 05:05:59.936308,0.3858,0.4162994
2026-04-25 05:06:09.936308,0.3778,0.417117
2026-04-25 05:06:19.936308,0.385,0.40523145
2026-04-25 05:06:29.936308,0.3928,0.39148536
2026-04-25 05:06:39.936308,0.4016,0.38524964
2026-04-25 05:06:49.936308,0.4099,0.37777472
2026-04-25 05:06:59.936308,0.416,0.372045
2026-04-25 05:07:09.936308,0.41,0.37513036
2026-04-25 05:07:19.936308,0.4028,0.38256326
2026-04-25 05:07:29.936308,0.3948,0.39140484
2026-04-25 05:07:39.936308,0.3884,0.4015171
2026-04-25 05:07:49.936308,0.3854,0.40927336
2026-04-25 05:07:59.936308,0.3835,0.40399155
2026-04-25 05:08:09.936308,0.382,0.3969467
2026-04-25 05:08:19.936308,0.3804,0.38861173
2026-04-25 05:08:29.936308,0.3787,0.37999567
2026-04-25 05:08:39.936308,0.3745,0.37752506
2026-04-25 05:08:49.936308,0.3849,0.3789582
2026-04-25 05:08:59.936308,0.3874,0.3763523
2026-04-25 05:09:09.936308,0.3913,0.37691793
2026-04-25 05:09:19.936308,0.3973,0.3757781
2026-04-25 05:09:29.936308,0.4032,0.37105325
2026-04-25 05:09:39.936308,0.3912,0.37929717
2026-04-25 05:09:49.936308,0.3814,0.38379383
2026-04-25 05:09:59.936308,0.3726,0.3870241
2026-04-25 05:10:09.936308,0.3641,0.39414084
2026-04-25 05:10:19.936308,0.3564,0.40022793
2026-04-25 05:10:29.936308,0.3648,0.3896368
2026-04-25 05:10:39.936308,0.3695,0.3761445
2026-04-25 05:10:49.936308,0.3758,0.3687133
2026-04-25 05:10:59.936308,0.3829,0.35951275
2026-04-25 05:11:09.936308,0.3867,0.35092053
2026-04-25 05:11:19.936308,0.3882,0.3586421
2026-04-25 05:11:29.936308,0.3876,0.36548552
2026-04-25 05:11:39.936308,0.3885,0.37490067
2026-04-25 05:11:49.936308,0.3869,0.38018864
2026-04-25 05:11:59.936308,0.39,0.38276577
2026-04-25 05:12:09.936308,0.3835,0.3863485
2026-04-25 05:12:19.936308,0.377,0.3865991
2026-04-25 05:12:29.936308,0.3661,0.38351396
2026-04-25 05:12:39.936308,0.3592,0.3828101
2026-04-25 05:12:49.936308,0.3539,0.38782907
2026-04-25 05:12:59.936308,0.3547,0.382177
2026-04-25 05:13:09.936308,0.3539,0.3742021
2026-04-25 05:13:19.936308,0.354,0.3620858
2026-04-25 05:13:29.936308,0.3577,0.35691234
2026-04-25 05:13:39.936308,0.3593,0.3498228
2026-04-25 05:13:49.936308,0.3571,0.34681726
2026-04-25 05:13:59.936308,0.3549,0.3457085
2026-04-25 05:14:09.936308,0.3495,0.34486854
2026-04-25 05:14:19.936308,0.3461,0.34760666
2026-04-25 05:14:29.936308,0.343,0.35235566
2026-04-25 05:14:39.936308,0.338,0.35109958
2026-04-25 05:14:49.936308,0.3268,0.35036764
2026-04-25 05:14:59.936308,0.3147,0.34598455
2026-04-25 05:15:09.936308,0.5141,0.34443676
2026-04-25 05:15:19.936308,0.4977,0.34089267
2026-04-25 05:15:29.936308,0.4886,0.33761457
2026-04-25 05:15:39.936308,0.4795,0.3290815
2026-04-25 05:15:49.936308,0.4692,0.31698456
2026-04-25 05:15:59.936308,0.4603,0.4967529
2026-04-25 05:16:09.936308,0.4511,0.50249153
2026-04-25 05:16:19.936308,0.4509,0.48538718
2026-04-25 05:16:29.936308,0.4505,0.46658874
2026-04-25 05:16:39.936308,0.4162,0.45097312
2026-04-25 05:16:49.936308,0.4138,0.44753867
2026-04-25 05:16:59.936308,0.4126,0.43785903
2026-04-25 05:17:09.936308,0.407,0.4302054
2026-04-25 05:17:19.936308,0.3966,0.43638447
2026-04-25 05:17:29.936308,0.3903,0.40483567
2026-04-25 05:17:39.936308,0.3842,0.39548978
2026-04-25 05:17:49.936308,0.3731,0.39346328
2026-04-25 05:17:59.936308,0.3813,0.3902525
2026-04-25 05:18:09.936308,0.39,0.38847804
2026-04-25 05:18:19.936308,0.3982,0.37733686
2026-04-25 05:18:29.936308,0.4055,0.37227675
2026-04-25 05:18:39.936308,0.4138,0.36811587
2026-04-25 05:18:49.936308,0.4169,0.3779937
2026-04-25 05:18:59.936308,0.4217,0.3900215
2026-04-25 05:19:09.936308,0.4227,0.40174374
2026-04-25 05:19:19.936308,0.424,0.4101879
2026-04-25 05:19:29.936308,0.4249,0.41610602
2026-04-25 05:19:39.936308,0.4254,0.417315
2026-04-25 05:19:49.936308,0.4247,0.42262566
2026-04-25 05:19:59.936308,0.4247,0.42507017
2026-04-25 05:20:09.936308,0.4247,0.42465636
2026-04-25 05:20:19.936308,0.4206,0.42272112
2026-04-25 05:20:29.936308,0.4214,0.42083547
2026-04-25 05:20:39.936308,0.421,0.41683203
2026-04-25 05:20:49.936308,0.4242,0.4164871
2026-04-25 05:20:59.936308,0.4304,0.41661963
2026-04-25 05:21:09.936308,0.4351,0.4131906
2026-04-25 05:21:19.936308,0.4301,0.4155258
2026-04-25 05:21:29.936308,0.4279,0.417277
2026-04-25 05:21:39.936308,0.4268,0.41640788
2026-04-25 05:21:49.936308,0.4188,0.421827
2026-04-25 05:21:59.936308,0.4147,0.42772332
2026-04-25 05:22:09.936308,0.4128,0.42327622
2026-04-25 05:22:19.936308,0.4103,0.41987503
2026-04-25 05:22:29.936308,0.409,0.418489
2026-04-25 05:22:39.936308,0.401,0.41354504
2026-04-25 05:22:49.936308,0.3947,0.411147
2026-04-25 05:22:59.936308,0.3834,0.4109588
2026-04-25 05:23:09.936308,0.3738,0.40650028
2026-04-25 05:23:19.936308,0.3583,0.40419623
2026-04-25 05:23:29.936308,0.3525,0.39730653
2026-04-25 05:23:39.936308,0.3429,0.39198238
2026-04-25 05:23:49.936308,0.3422,0.3812514
2026-04-25 05:23:59.936308,0.3424,0.3728422
2026-04-25 05:24:09.936308,0.3403,0.35792762
2026-04-25 05:24:19.936308,0.3369,0.35229996
2026-04-25 05:24:29.936308,0.335,0.34495106
2026-04-25 05:24:39.936308,0.3353,0.3432179
2026-04-25 05:24:49.936308,0.3363,0.34378144
2026-04-25 05:24:59.936308,0.3365,0.34233665
2026-04-25 05:25:09.936308,0.3383,0.34021124
2026-04-25 05:25:19.936308,0.3339,0.3390904
2026-04-25 05:25:29.936308,0.3262,0.34079742
2026-04-25 05:25:39.936308,0.319,0.34317914
2026-04-25 05:25:49.936308,0.31,0.34048757
2026-04-25 05:25:59.936308,0.2982,0.3427438
2026-04-25 05:26:09.936308,0.2926,0.33725286
2026-04-25 05:26:19.936308,0.2881,0.33085015
2026-04-25 05:26:29.936308,0.2862,0.3233487
2026-04-25 05:26:39.936308,0.284,0.3142277
2026-04-25 05:26:49.936308,0.2789,0.30385566
2026-04-25 05:26:59.936308,0.2758,0.29898244
2026-04-25 05:27:09.936308,0.2835,0.29659662
2026-04-25 05:27:19.936308,0.2936,0.29595998
2026-04-25 05:27:29.936308,0.3025,0.29609135
2026-04-25 05:27:39.936308,0.3108,0.29332578
2026-04-25 05:27:49.936308,0.3219,0.2896324
2026-04-25 05:27:59.936308,0.334,0.2987077
2026-04-25 05:28:09.936308,0.3411,0.30747813
2026-04-25 05:28:19.936308,0.3494,0.31577685
2026-04-25 05:28:29.936308,0.3556,0.32197675
2026-04-25 05:28:39.936308,0.3633,0.33094716
2026-04-25 05:28:49.936308,0.3655,0.3410007
2026-04-25 05:28:59.936308,0.3659,0.3462092
2026-04-25 05:29:09.936308,0.3706,0.35402304
2026-04-25 05:29:19.936308,0.3713,0.35956132
2026-04-25 05:29:29.936308,0.3756,0.36510664
2026-04-25 05:29:39.936308,0.3638,0.36637118
2026-04-25 05:29:49.936308,0.3569,0.36490995
2026-04-25 05:29:59.936308,0.3506,0.3692357
2026-04-25 05:30:09.936308,0.3424,0.37166977
2026-04-25 05:30:19.936308,0.3339,0.374015
2026-04-25 05:30:29.936308,0.3277,0.36537
2026-04-25 05:30:39.936308,0.3274,0.35729125
2026-04-25 05:30:49.936308,0.325,0.3509185
2026-04-25 05:30:59.936308,0.3235,0.34279954
2026-04-25 05:31:09.936308,0.3199,0.33345497
2026-04-25 05:31:19.936308,0.3243,0.3283361
2026-04-25 05:31:29.936308,0.3222,0.32764652
2026-04-25 05:31:39.936308,0.3204,0.32634073
2026-04-25 05:31:49.936308,0.321,0.32623506
2026-04-25 05:31:59.936308,0.3191,0.3212841
2026-04-25 05:32:09.936308,0.3303,0.3261976
2026-04-25 05:32:19.936308,0.3423,0.32422647
2026-04-25 05:32:29.936308,0.349,0.3221845
2026-04-25 05:32:39.936308,0.3566,0.32331902
2026-04-25 05:32:49.936308,0.3659,0.32091433
2026-04-25 05:32:59.936308,0.3683,0.33040366
2026-04-25 05:33:09.936308,0.3678,0.3427364
2026-04-25 05:33:19.936308,0.3677,0.3492945
2026-04-25 05:33:29.936308,0.3724,0.3574101
2026-04-25 05:33:39.936308,0.3719,0.36543423
2026-04-25 05:33:49.936308,0.3617,0.3674684
2026-04-25 05:33:59.936308,0.3535,0.3667245
2026-04-25 05:34:09.936308,0.3476,0.36822984
2026-04-25 05:34:19.936308,0.3383,0.3721141
2026-04-25 05:34:29.936308,0.3294,0.3733073
2026-04-25 05:34:39.936308,0.3389,0.3638673
2026-04-25 05:34:49.936308,0.3436,0.35318035
2026-04-25 05:34:59.936308,0.3506,0.34719148
2026-04-25 05:35:09.936308,0.3553,0.33601582
2026-04-25 05:35:19.936308,0.3596,0.32727477
2026-04-25 05:35:29.936308,0.3455,0.3333927
2026-04-25 05:35:39.936308,0.3328,0.3403712
2026-04-25 05:35:49.936308,0.3264,0.34901732
2026-04-25 05:35:59.936308,0.313,0.35469565
2026-04-25 05:36:09.936308,0.3031,0.36108804
2026-04-25 05:36:19.936308,0.2966,0.34739664
2026-04-25 05:36:29.936308,0.2859,0.33368975
2026-04-25 05:36:39.936308,0.2814,0.32496896
2026-04-25 05:36:49.936308,0.2717,0.31730092
2026-04-25 05:36:59.936308,0.2616,0.3106675
2026-04-25 05:37:09.936308,0.2546,0.30503455
2026-04-25 05:37:19.936308,0.2437,0.29521304
2026-04-25 05:37:29.936308,0.24,0.28979334
2026-04-25 05:37:39.936308,0.2343,0.28002408
2026-04-25 05:37:49.936308,0.2306,0.27381837
2026-04-25 05:37:59.936308,0.2421,0.26778626
2026-04-25 05:38:09.936308,0.2561,0.26008788
2026-04-25 05:38:19.936308,0.267,0.2585696
2026-04-25 05:38:29.936308,0.2799,0.25251448
2026-04-25 05:38:39.936308,0.2908,0.2504715
2026-04-25 05:38:49.936308,0.294,0.2627654
2026-04-25 05:38:59.936308,0.2963,0.27574039
2026-04-25 05:39:09.936308,0.2981,0.28769177
2026-04-25 05:39:19.936308,0.3028,0.29922792
2026-04-25 05:39:29.936308,0.3059,0.30782413
2026-04-25 05:39:39.936308,0.3067,0.30846566
2026-04-25 05:39:49.936308,0.3101,0.31096888
2026-04-25 05:39:59.936308,0.3114,0.31391466
2026-04-25 05:40:09.936308,0.3148,0.31856903
2026-04-25 05:40:19.936308,0.3187,0.3239567
2026-04-25 05:40:29.936308,0.3217,0.32158178
2026-04-25 05:40:39.936308,0.3274,0.32317144
2026-04-25 05:40:49.936308,0.3251,0.32374385
2026-04-25 05:40:59.936308,0.3279,0.32611012
2026-04-25 05:41:09.936308,0.3301,0.32893014
2026-04-25 05:41:19.936308,0.3229,0.3325473
2026-04-25 05:41:29.936308,0.3201,0.33987856
2026-04-25 05:41:39.936308,0.3114,0.33530557
2026-04-25 05:41:49.936308,0.3042,0.33765012
2026-04-25 05:41:59.936308,0.2982,0.3369577
2026-04-25 05:42:09.936308,0.294,0.33024415
2026-04-25 05:42:19.936308,0.2901,0.3253478
2026-04-25 05:42:29.936308,0.288,0.3150553
2026-04-25 05:42:39.936308,0.2846,0.30812168
2026-04-25 05:42:49.936308,0.2856,0.30302736
2026-04-25 05:42:59.936308,0.2754,0.29762733
2026-04-25 05:43:09.936308,0.2738,0.29330844
2026-04-25 05:43:19.936308,0.2697,0.29287714
2026-04-25 05:43:29.936308,0.2614,0.28876406
2026-04-25 05:43:39.936308,0.254,0.28988352
2026-04-25 05:43:49.936308,0.2613,0.28060547
2026-04-25 05:43:59.936308,0.2705,0.28074697
2026-04-25 05:44:09.936308,0.2781,0.2797319
2026-04-25 05:44:19.936308,0.289,0.2717784
2026-04-25 05:44:29.936308,0.298,0.26613533
2026-04-25 05:44:39.936308,0.3071,0.27395546
2026-04-25 05:44:49.936308,0.3197,0.28342757
2026-04-25 05:44:59.936308,0.3309,0.29186055
2026-04-25 05:45:09.936308,0.3446,0.30272973
2026-04-25 05:45:19.936308,0.3543,0.31334007
2026-04-25 05:45:29.936308,0.3503,0.32458866
2026-04-25 05:45:39.936308,0.3446,0.3366084
2026-04-25 05:45:49.936308,0.3423,0.34539327
2026-04-25 05:45:59.936308,0.3395,0.3525146
2026-04-25 05:46:09.936308,0.3342,0.3624106
2026-04-25 05:46:19.936308,0.3299,0.35762492
2026-04-25 05:46:29.936308,0.3297,0.3509313
2026-04-25 05:46:39.936308,0.327,0.34841627
2026-04-25 05:46:49.936308,0.3252,0.3462404
2026-04-25 05:46:59.936308,0.3206,0.3408694
2026-04-25 05:47:09.936308,0.3124,0.33160073
2026-04-25 05:47:19.936308,0.3022,0.3325228
2026-04-25 05:47:29.936308,0.3,0.32954556
2026-04-25 05:47:39.936308,0.2923,0.326019
2026-04-25 05:47:49.936308,0.286,0.3224422
2026-04-25 05:47:59.936308,0.2922,0.31315053
2026-04-25 05:48:09.936308,0.2958,0.30476037
2026-04-25 05:48:19.936308,0.2977,0.30328625
2026-04-25 05:48:29.936308,0.3012,0.29761034
2026-04-25 05:48:39.936308,0.3076,0.2932465
2026-04-25 05:48:49.936308,0.3085,0.29949376
2026-04-25 05:48:59.936308,0.3151,0.3052824
2026-04-25 05:49:09.936308,0.3185,0.3092396
2026-04-25 05:49:19.936308,0.3158,0.308923
2026-04-25 05:49:29.936308,0.3179,0.31459296
2026-04-25 05:49:39.936308,0.3235,0.31783766
2026-04-25 05:49:49.936308,0.3292,0.32416457
2026-04-25 05:49:59.936308,0.3351,0.32731602
2026-04-25 05:50:09.936308,0.3427,0.32372418
2026-04-25 05:50:19.936308,0.3442,0.32461762
2026-04-25 05:50:29.936308,0.3432,0.32955772
2026-04-25 05:50:39.936308,0.3374,0.33450598
2026-04-25 05:50:49.936308,0.3387,0.3429559
2026-04-25 05:50:59.936308,0.3339,0.34752703
2026-04-25 05:51:09.936308,0.3288,0.34820718
2026-04-25 05:51:19.936308,0.3255,0.34613436
2026-04-25 05:51:29.936308,0.3176,0.33874094
2026-04-25 05:51:39.936308,0.3122,0.3403623
2026-04-25 05:51:49.936308,0.3084,0.33750254
2026-04-25 05:51:59.936308,0.3012,0.33229163
2026-04-25 05:52:09.936308,0.3044,0.32684886
2026-04-25 05:52:19.936308,0.3122,0.31848127
2026-04-25 05:52:29.936308,0.3152,0.3109288
2026-04-25 05:52:39.936308,0.316,0.30571988
2026-04-25 05:52:49.936308,0.3232,0.29956585
2026-04-25 05:52:59.936308,0.3261,0.30306923
2026-04-25 05:53:09.936308,0.3296,0.3144538
2026-04-25 05:53:19.936308,0.3338,0.31865793
2026-04-25 05:53:29.936308,0.3366,0.32011527
2026-04-25 05:53:39.936308,0.3412,0.3265606
2026-04-25 05:53:49.936308,0.3325,0.33263484
2026-04-25 05:53:59.936308,0.3266,0.33540443
2026-04-25 05:54:09.936308,0.3211,0.33988142
2026-04-25 05:54:19.936308,0.312,0.34505695
2026-04-25 05:54:29.936308,0.3001,0.3497995
2026-04-25 05:54:39.936308,0.2991,0.3432708
2026-04-25 05:54:49.936308,0.2932,0.33548015
2026-04-25 05:54:59.936308,0.2892,0.329093
2026-04-25 05:55:09.936308,0.2855,0.31985572
2026-04-25 05:55:19.936308,0.2798,0.31035602
2026-04-25 05:55:29.936308,0.2863,0.30600274
2026-04-25 05:55:39.936308,0.2851,0.30136544
2026-04-25 05:55:49.936308,0.2902,0.29751635
2026-04-25 05:55:59.936308,0.2927,0.29310548
2026-04-25 05:56:09.936308,0.2983,0.29329115
2026-04-25 05:56:19.936308,0.3043,0.29942736
2026-04-25 05:56:29.936308,0.3155,0.2999832
2026-04-25 05:56:39.936308,0.3206,0.3008317
2026-04-25 05:56:49.936308,0.3249,0.30155188
2026-04-25 05:56:59.936308,0.3327,0.30681786
2026-04-25 05:57:09.936308,0.3402,0.3125808
2026-04-25 05:57:19.936308,0.3481,0.32314792
2026-04-25 05:57:29.936308,0.3561,0.32810253
2026-04-25 05:57:39.936308,0.3614,0.330637
2026-04-25 05:57:49.936308,0.3701,0.33446229
2026-04-25 05:57:59.936308,0.3669,0.34172884
2026-04-25 05:58:09.936308,0.364,0.350056
2026-04-25 05:58:19.936308,0.3654,0.35812286
2026-04-25 05:58:29.936308,0.3608,0.36317083
2026-04-25 05:58:39.936308,0.3604,0.37055612
2026-04-25 05:58:49.936308,0.3641,0.36867034
2026-04-25 05:58:59.936308,0.3646,0.36535525
2026-04-25 05:59:09.936308,0.3614,0.36176243
2026-04-25 05:59:19.936308,0.3614,0.35946852
2026-04-25 05:59:29.936308,0.3652,0.35799247
2026-04-25 05:59:39.936308,0.3747,0.36203513
2026-04-25 05:59:49.936308,0.3827,0.36263865
2026-04-25 05:59:59.936308,0.3879,0.36200398
2026-04-25 06:00:09.936308,0.3946,0.3604055
2026-04-25 06:00:19.936308,0.3993,0.3645638
2026-04-25 06:00:29.936308,0.4011,0.3744894
2026-04-25 06:00:39.936308,0.3999,0.38135043
2026-04-25 06:00:49.936308,0.4006,0.38687596
2026-04-25 06:00:59.936308,0.4013,0.39142925
2026-04-25 06:01:09.936308,0.4024,0.39695457
2026-04-25 06:01:19.936308,0.3884,0.40042326
2026-04-25 06:01:29.936308,0.3775,0.39774698
2026-04-25 06:01:39.936308,0.366,0.39890116
2026-04-25 06:01:49.936308,0.3565,0.40004212
2026-04-25 06:01:59.936308,0.3464,0.39838177
2026-04-25 06:02:09.936308,0.3528,0.38430384
2026-04-25 06:02:19.936308,0.3612,0.37211558
2026-04-25 06:02:29.936308,0.3646,0.36450127
2026-04-25 06:02:39.936308,0.3702,0.3564875
2026-04-25 06:02:49.936308,0.3742,0.34793532
2026-04-25 06:02:59.936308,0.3739,0.35498333
2026-04-25 06:03:09.936308,0.373,0.36483303
2026-04-25 06:03:19.936308,0.3687,0.36799666
2026-04-25 06:03:29.936308,0.3677,0.37116373
2026-04-25 06:03:39.936308,0.3655,0.3751383
2026-04-25 06:03:49.936308,0.3644,0.37460274
2026-04-25 06:03:59.936308,0.359,0.3731099
2026-04-25 06:04:09.936308,0.3552,0.3704367
2026-04-25 06:04:19.936308,0.3509,0.36842352
2026-04-25 06:04:29.936308,0.3486,0.36797675
2026-04-25 06:04:39.936308,0.354,0.36623842
2026-04-25 06:04:49.936308,0.3624,0.35855973
2026-04-25 06:04:59.936308,0.3688,0.35442862
2026-04-25 06:05:09.936308,0.3749,0.35262752
2026-04-25 06:05:19.936308,0.3836,0.34971836
2026-04-25 06:05:29.936308,0.3836,0.35574132
2026-04-25 06:05:39.936308,0.3787,0.36497208
2026-04-25 06:05:49.936308,0.3795,0.37178564
2026-04-25 06:05:59.936308,0.3824,0.37789097
2026-04-25 06:06:09.936308,0.3823,0.3859991
2026-04-25 06:06:19.936308,0.3784,0.38740218
2026-04-25 06:06:29.936308,0.372,0.38101566
2026-04-25 06:06:39.936308,0.367,0.37875012
2026-04-25 06:06:49.936308,0.3638,0.3811276
2026-04-25 06:06:59.936308,0.359,0.38152686
2026-04-25 06:07:09.936308,0.3494,0.37760192
2026-04-25 06:07:19.936308,0.3433,0.3699613
2026-04-25 06:07:29.936308,0.3372,0.36472425
2026-04-25 06:07:39.936308,0.3311,0.36340153
2026-04-25 06:07:49.936308,0.3235,0.359673
2026-04-25 06:07:59.936308,0.3369,0.35152996
2026-04-25 06:08:09.936308,0.3455,0.34587485
2026-04-25 06:08:19.936308,0.3552,0.3395983
2026-04-25 06:08:29.936308,0.3637,0.33596343
2026-04-25 06:08:39.936308,0.3711,0.3272204
2026-04-25 06:08:49.936308,0.378,0.33934182
2026-04-25 06:08:59.936308,0.3864,0.34842134
2026-04-25 06:09:09.936308,0.3923,0.3573385
2026-04-25 06:09:19.936308,0.401,0.36604497
2026-04-25 06:09:29.936308,0.4106,0.37001166
2026-04-25 06:09:39.936308,0.4083,0.37836176
2026-04-25 06:09:49.936308,0.4036,0.38604683
2026-04-25 06:09:59.936308,0.4002,0.3905943
2026-04-25 06:10:09.936308,0.3979,0.39715475
2026-04-25 06:10:19.936308,0.3927,0.40413982
2026-04-25 06:10:29.936308,0.3932,0.4006418
2026-04-25 06:10:39.936308,0.3925,0.39454404
2026-04-25 06:10:49.936308,0.3931,0.38885087
2026-04-25 06:10:59.936308,0.3964,0.38874012
2026-04-25 06:11:09.936308,0.3993,0.38405
2026-04-25 06:11:19.936308,0.3974,0.38410527
2026-04-25 06:11:29.936308,0.3946,0.38303062
2026-04-25 06:11:39.936308,0.3956,0.38444102
2026-04-25 06:11:49.936308,0.3941,0.3881932
2026-04-25 06:11:59.936308,0.3928,0.38816398
2026-04-25 06:12:09.936308,0.3989,0.3881058
2026-04-25 06:12:19.936308,0.4026,0.3852331
2026-04-25 06:12:29.936308,0.4081,0.3857287
2026-04-25 06:12:39.936308,0.4097,0.3858866
2026-04-25 06:12:49.936308,0.4159,0.38721517
2026-04-25 06:12:59.936308,0.4063,0.3935303
2026-04-25 06:13:09.936308,0.399,0.39788666
2026-04-25 06:13:19.936308,0.393,0.40277296
2026-04-25 06:13:29.936308,0.3851,0.40503085
2026-04-25 06:13:39.936308,0.3769,0.4090717
2026-04-25 06:13:49.936308,0.3664,0.39811727
2026-04-25 06:13:59.936308,0.3583,0.38964322
2026-04-25 06:14:09.936308,0.3512,0.38463554
2026-04-25 06:14:19.936308,0.3427,0.37982333
2026-04-25 06:14:29.936308,0.3327,0.37225607
2026-04-25 06:14:39.936308,0.3367,0.3608101
2026-04-25 06:14:49.936308,0.3382,0.35334414
2026-04-25 06:14:59.936308,0.3366,0.34655598
2026-04-25 06:15:09.936308,0.3385,0.33980563
2026-04-25 06:15:19.936308,0.3411,0.3286074
2026-04-25 06:15:29.936308,0.3456,0.33385947
2026-04-25 06:15:39.936308,0.3474,0.33611685
2026-04-25 06:15:49.936308,0.3466,0.3353267
2026-04-25 06:15:59.936308,0.3567,0.33596736
2026-04-25 06:16:09.936308,0.3608,0.33988157
2026-04-25 06:16:19.936308,0.3659,0.3458156
2026-04-25 06:16:29.936308,0.3703,0.3502866
2026-04-25 06:16:39.936308,0.3762,0.34856746
2026-04-25 06:16:49.936308,0.3782,0.35782495
2026-04-25 06:16:59.936308,0.3834,0.36245802
2026-04-25 06:17:09.936308,0.3884,0.36783093
2026-04-25 06:17:19.936308,0.3954,0.37133217
2026-04-25 06:17:29.936308,0.4047,0.37754044
2026-04-25 06:17:39.936308,0.4102,0.38072976
2026-04-25 06:17:49.936308,0.417,0.383354
2026-04-25 06:17:59.936308,0.4168,0.38570154
2026-04-25 06:18:09.936308,0.4107,0.39083865
2026-04-25 06:18:19.936308,0.402,0.3978008
2026-04-25 06:18:29.936308,0.3996,0.40233082
2026-04-25 06:18:39.936308,0.3954,0.406245
2026-04-25 06:18:49.936308,0.3971,0.40447056
2026-04-25 06:18:59.936308,0.4012,0.39682943
2026-04-25 06:19:09.936308,0.4036,0.38986653
2026-04-25 06:19:19.936308,0.4048,0.3861463
2026-04-25 06:19:29.936308,0.4104,0.38361493
2026-04-25 06:19:39.936308,0.3981,0.3855852
2026-04-25 06:19:49.936308,0.3896,0.3915133
2026-04-25 06:19:59.936308,0.3803,0.39422107
2026-04-25 06:20:09.936308,0.3709,0.39709762
2026-04-25 06:20:19.936308,0.3585,0.40228668
2026-04-25 06:20:29.936308,0.3605,0.39215124
2026-04-25 06:20:39.936308,0.3665,0.3805698
2026-04-25 06:20:49.936308,0.3746,0.37362254
2026-04-25 06:20:59.936308,0.3798,0.3645381
2026-04-25 06:21:09.936308,0.3845,0.35265473
2026-04-25 06:21:19.936308,0.3904,0.3538084
2026-04-25 06:21:29.936308,0.3974,0.36335903
2026-04-25 06:21:39.936308,0.3998,0.37535375
2026-04-25 06:21:49.936308,0.406,0.38132963
2026-04-25 06:21:59.936308,0.4115,0.3852931
2026-04-25 06:22:09.936308,0.4066,0.39197955
2026-04-25 06:22:19.936308,0.3961,0.39804897
2026-04-25 06:22:29.936308,0.388,0.40192544
2026-04-25 06:22:39.936308,0.3817,0.4073798
2026-04-25 06:22:49.936308,0.3749,0.41286814
2026-04-25 06:22:59.936308,0.3715,0.40837842
2026-04-25 06:23:09.936308,0.3703,0.3962762
2026-04-25 06:23:19.936308,0.369,0.3848952
2026-04-25 06:23:29.936308,0.3664,0.37956837
2026-04-25 06:23:39.936308,0.3654,0.37268266
2026-04-25 06:23:49.936308,0.3565,0.36849624
2026-04-25 06:23:59.936308,0.3499,0.36560076
2026-04-25 06:24:09.936308,0.3447,0.3660451
2026-04-25 06:24:19.936308,0.3349,0.36389098
2026-04-25 06:24:29.936308,0.3272,0.36220896
2026-04-25 06:24:39.936308,0.3364,0.3532196
2026-04-25 06:24:49.936308,0.3489,0.34587932
2026-04-25 06:24:59.936308,0.3556,0.3391261
2026-04-25 06:25:09.936308,0.3674,0.33060065
2026-04-25 06:25:19.936308,0.3769,0.32612288
2026-04-25 06:25:29.936308,0.3678,0.33723456
2026-04-25 06:25:39.936308,0.3559,0.35008705
2026-04-25 06:25:49.936308,0.3459,0.35723448
2026-04-25 06:25:59.936308,0.3363,0.36817697
2026-04-25 06:26:09.936308,0.328,0.3773993
2026-04-25 06:26:19.936308,0.3396,0.37147683
2026-04-25 06:26:29.936308,0.3428,0.36026517
2026-04-25 06:26:39.936308,0.3509,0.34671003
2026-04-25 06:26:49.936308,0.3598,0.33935273
2026-04-25 06:26:59.936308,0.3686,0.33250463
2026-04-25 06:27:09.936308,0.3606,0.34177408
2026-04-25 06:27:19.936308,0.3545,0.34546536
2026-04-25 06:27:29.936308,0.3477,0.35241967
2026-04-25 06:27:39.936308,0.3356,0.3610815
2026-04-25 06:27:49.936308,0.3238,0.36763698
2026-04-25 06:27:59.936308,0.3238,0.35910726
2026-04-25 06:28:09.936308,0.3244,0.35294658
2026-04-25 06:28:19.936308,0.2646,0.3461673
2026-04-25 06:28:29.936308,0.2663,0.33480245
2026-04-25 06:28:39.936308,0.2667,0.32326657
2026-04-25 06:28:49.936308,0.2742,0.3225358
2026-04-25 06:28:59.936308,0.2784,0.32440308
2026-04-25 06:29:09.936308,0.2837,0.27180427
2026-04-25 06:29:19.936308,0.2888,0.2675652
2026-04-25 06:29:29.936308,0.2973,0.27054533
2026-04-25 06:29:39.936308,0.305,0.2799105
2026-04-25 06:29:49.936308,0.3079,0.2893828
2026-04-25 06:29:59.936308,0.3096,0.2932274
2026-04-25 06:30:09.936308,0.3179,0.29785228
2026-04-25 06:30:19.936308,0.3274,0.30700165
2026-04-25 06:30:29.936308,0.3316,0.3132233
2026-04-25 06:30:39.936308,0.3355,0.31468338
2026-04-25 06:30:49.936308,0.3445,0.31706768
2026-04-25 06:30:59.936308,0.352,0.32407516
2026-04-25 06:31:09.936308,0.3596,0.3332482
2026-04-25 06:31:19.936308,0.3619,0.33544862
2026-04-25 06:31:29.936308,0.3678,0.33926547
2026-04-25 06:31:39.936308,0.3745,0.34736678
2026-04-25 06:31:49.936308,0.3777,0.35435823
2026-04-25 06:31:59.936308,0.3834,0.36216697
2026-04-25 06:32:09.936308,0.3869,0.36448425
2026-04-25 06:32:19.936308,0.3929,0.3685951
2026-04-25 06:32:29.936308,0.3994,0.3757011
2026-04-25 06:32:39.936308,0.4045,0.377978
2026-04-25 06:32:49.936308,0.4111,0.38223884
2026-04-25 06:32:59.936308,0.4141,0.38581333
2026-04-25 06:33:09.936308,0.4196,0.38872278
2026-04-25 06:33:19.936308,0.4206,0.3939898
2026-04-25 06:33:29.936308,0.4256,0.3976296
2026-04-25 06:33:39.936308,0.4284,0.40370154
2026-04-25 06:33:49.936308,0.4239,0.40800706
2026-04-25 06:33:59.936308,0.4178,0.4118001
2026-04-25 06:34:09.936308,0.4124,0.4122397
2026-04-25 06:34:19.936308,0.4124,0.41705278
2026-04-25 06:34:29.936308,0.4102,0.41770923
2026-04-25 06:34:39.936308,0.4049,0.41442743
2026-04-25 06:34:49.936308,0.4002,0.4086049
2026-04-25 06:34:59.936308,0.3936,0.40298295
2026-04-25 06:35:09.936308,0.3905,0.4038608
2026-04-25 06:35:19.936308,0.3798,0.40211213
2026-04-25 06:35:29.936308,0.3879,0.3977261
2026-04-25 06:35:39.936308,0.3986,0.39263937
2026-04-25 06:35:49.936308,0.4082,0.38634396
2026-04-25 06:35:59.936308,0.4169,0.38157037
2026-04-25 06:36:09.936308,0.4218,0.37201747
2026-04-25 06:36:19.936308,0.4202,0.37858844
2026-04-25 06:36:29.936308,0.4204,0.39197728
2026-04-25 06:36:39.936308,0.4181,0.40099838
2026-04-25 06:36:49.936308,0.4189,0.4104592
2026-04-25 06:36:59.936308,0.4156,0.414152
2026-04-25 06:37:09.936308,0.4219,0.41374978
2026-04-25 06:37:19.936308,0.4271,0.41344216
2026-04-25 06:37:29.936308,0.4318,0.4105027
2026-04-25 06:37:39.936308,0.435,0.41069654
2026-04-25 06:37:49.936308,0.4332,0.4076953
2026-04-25 06:37:59.936308,0.4291,0.41228
2026-04-25 06:38:09.936308,0.4272,0.4171426
2026-04-25 06:38:19.936308,0.4237,0.42089245
2026-04-25 06:38:29.936308,0.4214,0.42462707
2026-04-25 06:38:39.936308,0.4213,0.4236157
2026-04-25 06:38:49.936308,0.4297,0.42077255
2026-04-25 06:38:59.936308,0.436,0.41906178
2026-04-25 06:39:09.936308,0.4438,0.41541317
2026-04-25 06:39:19.936308,0.447,0.41386408
2026-04-25 06:39:29.936308,0.4559,0.41349405
2026-04-25 06:39:39.936308,0.4558,0.42075697
2026-04-25 06:39:49.936308,0.452,0.42859894
2026-04-25 06:39:59.936308,0.4512,0.4351875
2026-04-25 06:40:09.936308,0.4482,0.43766832
2026-04-25 06:40:19.936308,0.4486,0.444759
2026-04-25 06:40:29.936308,0.4385,0.44384146
2026-04-25 06:40:39.936308,0.4333,0.43902665
2026-04-25 06:40:49.936308,0.4247,0.43723607
2026-04-25 06:40:59.936308,0.4198,0.4345271
2026-04-25 06:41:09.936308,0.4167,0.43574917
2026-04-25 06:41:19.936308,0.4232,0.4268321
2026-04-25 06:41:29.936308,0.4271,0.4205707
2026-04-25 06:41:39.936308,0.4297,0.41260427
2026-04-25 06:41:49.936308,0.4327,0.40667477
2026-04-25 06:41:59.936308,0.433,0.40520713
2026-04-25 06:42:09.936308,0.4432,0.4131227
2026-04-25 06:42:19.936308,0.45,0.41969576
2026-04-25 06:42:29.936308,0.4593,0.42351118
2026-04-25 06:42:39.936308,0.463,0.42756644
2026-04-25 06:42:49.936308,0.4693,0.42867956
2026-04-25 06:42:59.936308,0.4627,0.43965408
2026-04-25 06:43:09.936308,0.4621,0.44476166
2026-04-25 06:43:19.936308,0.4551,0.4516835
2026-04-25 06:43:29.936308,0.451,0.4526847
2026-04-25 06:43:39.936308,0.4476,0.45739067
2026-04-25 06:43:49.936308,0.4528,0.45244077
2026-04-25 06:43:59.936308,0.4599,0.45110404
2026-04-25 06:44:09.936308,0.4639,0.4453921
2026-04-25 06:44:19.936308,0.4706,0.44057572
2026-04-25 06:44:29.936308,0.4755,0.43712533
2026-04-25 06:44:39.936308,0.472,0.43908846
2026-04-25 06:44:49.936308,0.4709,0.44640616
2026-04-25 06:44:59.936308,0.4674,0.4504155
2026-04-25 06:45:09.936308,0.4584,0.4573127
2026-04-25 06:45:19.936308,0.4526,0.4624801
2026-04-25 06:45:29.936308,0.4596,0.45875186
2026-04-25 06:45:39.936308,0.4649,0.456891
2026-04-25 06:45:49.936308,0.468,0.45135096
2026-04-25 06:45:59.936308,0.4726,0.4420503
2026-04-25 06:46:09.936308,0.4804,0.43644246
2026-04-25 06:46:19.936308,0.4653,0.44199997
2026-04-25 06:46:29.936308,0.454,0.44805923
2026-04-25 06:46:39.936308,0.4368,0.45257843
2026-04-25 06:46:49.936308,0.4239,0.45732686
2026-04-25 06:46:59.936308,0.4128,0.4646204
2026-04-25 06:47:09.936308,0.4141,0.45310903
2026-04-25 06:47:19.936308,0.4102,0.44028234
2026-04-25 06:47:29.936308,0.4078,0.42358348
2026-04-25 06:47:39.936308,0.4031,0.41006634
2026-04-25 06:47:49.936308,0.4008,0.40125456
2026-04-25 06:47:59.936308,0.3881,0.401708
2026-04-25 06:48:09.936308,0.3807,0.3998676
2026-04-25 06:48:19.936308,0.3689,0.39790443
2026-04-25 06:48:29.936308,0.3586,0.39475715
